{"id":"206901-206901","dt":"2025-12-15","p":[{"id":2,"n":"Haricots verts Notre Jardin Extra fins - 345g","p":2.39,"u":"6,93 €/KG","img":"https://fd8-photos.leclercdrive.fr/image.ashx?id=2050624&use=l&cat=p&typeid=i","cat":312606},{"id":3,"n":"Haricots verts Notre Jardin Très fins - 220g","p":0.86,"u":"3,91 €/KG","img":"https://fd8-photos.leclercdrive.fr/image.ashx?id=1993164&use=l&cat=p&typeid=i","cat":312606},{"id":4,"n":"Haricots verts Notre Jardin Très fins - 440g","p":1.15,"u":"2,61 €/KG","img":"https://fd8-photos.leclercdrive.fr/image.ashx?id=2050615&use=l&cat=p&typeid=i","cat":312606},{"id":5,"n":"Haricots verts Notre Jardin Extra fins - 440g","p":1.2,"u":"2,73 €/KG","img":"https://fd8-photos.leclercdrive.fr/image.ashx?id=2291393&use=l&cat=p&typeid=i","cat":312606},{"id":6,"n":"Haricots verts Notre Jardin Extra fins - 220g","p":0.88,"u":"4,00 €/KG","img":"https://fd8-photos.leclercdrive.fr/image.ashx?id=1993167&use=l&cat=p&typeid=i","cat":312606},{"id":7,"n":"Haricots beurre Notre Jardin Très fins - 220g","p":1.11,"u":"5,05 €/KG","img":"https://fd8-photos.leclercdrive.fr/image.ashx?id=2988027&use=l&cat=p&typeid=i","cat":312606},{"id":8,"n":"Haricots beurre Notre Jardin Très fins - 440g","p":1.55,"u":"3,52 €/KG","img":"https://fd8-photos.leclercdrive.fr/image.ashx?id=2988030&use=l&cat=p&typeid=i","cat":312606},{"id":9,"n":"Petits pois Notre Jardin A l'étuvée - Extra fins - 280g","p":0.9,"u":"3,21 €/KG","img":"https://fd8-photos.leclercdrive.fr/image.ashx?id=2375947&use=l&cat=p&typeid=i","cat":312607},{"id":10,"n":"Petits pois Notre Jardin A l'étuvée - Très fins - 280g","p":0.89,"u":"3,18 €/KG","img":"https://fd8-photos.leclercdrive.fr/image.ashx?id=2987958&use=l&cat=p&typeid=i","cat":312607},{"id":11,"n":"Petits pois carottes  Notre Jardin -Extra fins - 530g","p":1.22,"u":"2,30 €/KG","img":"https://fd8-photos.leclercdrive.fr/image.ashx?id=2987961&use=l&cat=p&typeid=i","cat":312607},{"id":12,"n":"Petits pois carottes extra-fins Notre Jardin à l'étuvée 260g","p":0.99,"u":"3,74 €/KG","img":"https://fd8-photos.leclercdrive.fr/image.ashx?id=2987964&use=l&cat=p&typeid=i","cat":312607},{"id":13,"n":"Petits pois carottes Très fins Notre Jardin -A l'étuvée -530g","p":1.33,"u":"2,51 €/KG","img":"https://fd8-photos.leclercdrive.fr/image.ashx?id=2698156&use=l&cat=p&typeid=i","cat":312607},{"id":14,"n":"Carottes Notre Jardin Extra-fines - 265g","p":0.85,"u":"3,21 €/KG","img":"https://fd8-photos.leclercdrive.fr/image.ashx?id=2399150&use=l&cat=p&typeid=i","cat":312607},{"id":15,"n":"Champignons Paris Notre Jardin Entiers - 230g","p":1.47,"u":"6,39 €/KG","img":"https://fd8-photos.leclercdrive.fr/image.ashx?id=2553890&use=l&cat=p&typeid=i","cat":312610},{"id":16,"n":"Champignons Paris Notre Jardin Pieds et morceaux - 230g","p":1.49,"u":"6,48 €/KG","img":"https://fd8-photos.leclercdrive.fr/image.ashx?id=2553896&use=l&cat=p&typeid=i","cat":312610},{"id":17,"n":"Champignons Paris Notre Jardin Emincés - 230g","p":1.07,"u":"4,65 €/KG","img":"https://fd8-photos.leclercdrive.fr/image.ashx?id=2551960&use=l&cat=p&typeid=i","cat":312610},{"id":19,"n":"Flageolets verts Notre Jardin Extra fins - 265g","p":0.99,"u":"3,74 €/KG","img":"https://fd8-photos.leclercdrive.fr/image.ashx?id=1993161&use=l&cat=p&typeid=i","cat":312606},{"id":20,"n":"Macédoine légumes Notre Jardin 265g","p":0.71,"u":"2,68 €/KG","img":"https://fd8-photos.leclercdrive.fr/image.ashx?id=2050600&use=l&cat=p&typeid=i","cat":312612},{"id":21,"n":"Macédoine légumes Notre Jardin - 530g","p":1.23,"u":"2,32 €/KG","img":"https://fd8-photos.leclercdrive.fr/image.ashx?id=2526276&use=l&cat=p&typeid=i","cat":312612},{"id":22,"n":"Garniture de 4 légumes  Notre Jardin - 510g","p":1.74,"u":"3,41 €/KG","img":"https://fd8-photos.leclercdrive.fr/image.ashx?id=2526279&use=l&cat=p&typeid=i","cat":312612},{"id":30,"n":"Pommes de terre Notre Jardin 530g","p":1.29,"u":"2,43 €/KG","img":"https://fd8-photos.leclercdrive.fr/image.ashx?id=2696250&use=l&cat=p&typeid=i","cat":312612},{"id":32,"n":"Coeurs de céleri Notre Jardin - 500g PNE","p":2.99,"u":"5,64 €/KG","img":"https://fd8-photos.leclercdrive.fr/image.ashx?id=2483602&use=l&cat=p&typeid=i","cat":312612},{"id":34,"n":"Garniture de céleris Notre Jardin - 500g","p":1.89,"u":"3,78 €/KG","img":"https://fd8-photos.leclercdrive.fr/image.ashx?id=2526282&use=l&cat=p&typeid=i","cat":312612},{"id":36,"n":"Epinards hâchés Notre Jardin 795g","p":1.65,"u":"2,08 €/KG","img":"https://fd8-photos.leclercdrive.fr/image.ashx?id=2050606&use=l&cat=p&typeid=i","cat":312612},{"id":37,"n":"Epinards hâchés Notre Jardin 395g","p":1.09,"u":"2,76 €/KG","img":"https://fd8-photos.leclercdrive.fr/image.ashx?id=1993152&use=l&cat=p&typeid=i","cat":312612},{"id":38,"n":"Epinards branches  Notre Jardin 265g","p":1.15,"u":"4,34 €/KG","img":"https://fd8-photos.leclercdrive.fr/image.ashx?id=1993155&use=l&cat=p&typeid=i","cat":312612},{"id":39,"n":"Epinards branches Notre Jardin 530g","p":1.69,"u":"3,19 €/KG","img":"https://fd8-photos.leclercdrive.fr/image.ashx?id=2913651&use=l&cat=p&typeid=i","cat":312612},{"id":40,"n":"Coeurs de palmiers Notre Jardin Extra tendres - 500g","p":3.85,"u":"7,70 €/KG","img":"https://fd8-photos.leclercdrive.fr/image.ashx?id=1950156&use=l&cat=p&typeid=i","cat":312611},{"id":41,"n":"Choux Bruxelles Notre Jardin 530g","p":1.95,"u":"3,68 €/KG","img":"https://fd8-photos.leclercdrive.fr/image.ashx?id=2072428&use=l&cat=p&typeid=i","cat":312612},{"id":42,"n":"Haricots Mungo Notre Jardin 180g","p":1.0,"u":"5,56 €/KG","img":"https://fd8-photos.leclercdrive.fr/image.ashx?id=2072431&use=l&cat=p&typeid=i","cat":312611},{"id":43,"n":"Asperges blanches miniatures Notre Jardin - 110g","p":1.55,"u":"14,09 €/KG","img":"https://fd8-photos.leclercdrive.fr/image.ashx?id=2049019&use=l&cat=p&typeid=i","cat":312611},{"id":44,"n":"Maïs Notre Jardin Tendre - 285g","p":0.96,"u":"3,37 €/KG","img":"https://fd8-photos.leclercdrive.fr/image.ashx?id=3005658&use=l&cat=p&typeid=i","cat":312611},{"id":47,"n":"Filets de thon Saupiquet Huile d'olive - 115g","p":2.39,"u":"20,78 €/KG","img":"https://fd8-photos.leclercdrive.fr/image.ashx?id=2846373&use=l&cat=p&typeid=i","cat":303867},{"id":48,"n":"Thon Saupiquet A la Catalane - 252g","p":2.09,"u":"8,29 €/KG","img":"https://fd8-photos.leclercdrive.fr/image.ashx?id=2860892&use=l&cat=p&typeid=i","cat":303867},{"id":50,"n":"Miettes de thon Pêche Océan Huile de tournesol - 160g","p":1.7,"u":"10,63 €/KG","img":"https://fd8-photos.leclercdrive.fr/image.ashx?id=2941369&use=l&cat=p&typeid=i","cat":303867},{"id":51,"n":"Miettes de thon Pêche Océan Tomate - 160g","p":1.13,"u":"7,06 €/KG","img":"https://fd8-photos.leclercdrive.fr/image.ashx?id=2941378&use=l&cat=p&typeid=i","cat":303867},{"id":52,"n":"Miettes de thon Pêche Océan Tomate - 3x80g","p":1.56,"u":"6,50 €/KG","img":"https://fd8-photos.leclercdrive.fr/image.ashx?id=2941363&use=l&cat=p&typeid=i","cat":303867},{"id":58,"n":"Filets maquereaux Pêche Océan Arômates et Muscadet 176g","p":1.45,"u":"8,24 €/KG","img":"https://fd8-photos.leclercdrive.fr/image.ashx?id=2476948&use=l&cat=p&typeid=i","cat":303868},{"id":59,"n":"Maquereaux Pêche Océan Moutarde de Dijon - 169g","p":1.65,"u":"9,76 €/KG","img":"https://fd8-photos.leclercdrive.fr/image.ashx?id=2488350&use=l&cat=p&typeid=i","cat":303868},{"id":66,"n":"Terrine de campagne Côté Table Cèpes - 180g","p":1.55,"u":"8,61 €/KG","img":"https://fd8-photos.leclercdrive.fr/image.ashx?id=2519414&use=l&cat=p&typeid=i","cat":305149},{"id":67,"n":"Terrine de canard Côté Table 180g","p":1.55,"u":"8,61 €/KG","img":"https://fd8-photos.leclercdrive.fr/image.ashx?id=2436645&use=l&cat=p&typeid=i","cat":305149},{"id":68,"n":"Cassoulet Côté Table Saucisses et saucissons - 420g","p":1.15,"u":"2,74 €/KG","img":"https://fd8-photos.leclercdrive.fr/image.ashx?id=2977099&use=l&cat=p&typeid=i","cat":284440},{"id":72,"n":"Lentilles cuisinées Raynal Et Roquelaure - 820g","p":1.85,"u":"2,26 €/KG","img":"https://fd8-photos.leclercdrive.fr/image.ashx?id=2928393&use=l&cat=p&typeid=i","cat":312609},{"id":75,"n":"Choucroute Côté Table garnie 400g","p":1.75,"u":"4,38 €/KG","img":"https://fd8-photos.leclercdrive.fr/image.ashx?id=2977114&use=l&cat=p&typeid=i","cat":284441},{"id":76,"n":"Gratin dauphinois Côté Table 850g","p":1.67,"u":"1,96 €/KG","img":"https://fd8-photos.leclercdrive.fr/image.ashx?id=2977117&use=l&cat=p&typeid=i","cat":284441},{"id":77,"n":"Petit salé Côté Table lentilles A l'Auvergnate 840g","p":2.75,"u":"3,27 €/KG","img":"https://fd8-photos.leclercdrive.fr/image.ashx?id=2977108&use=l&cat=p&typeid=i","cat":284441},{"id":78,"n":"Saucisses lentilles Côté Table 840g","p":1.99,"u":"2,37 €/KG","img":"https://fd8-photos.leclercdrive.fr/image.ashx?id=2977102&use=l&cat=p&typeid=i","cat":284441},{"id":79,"n":"Saucisses lentilles Côté Table 420g","p":1.15,"u":"2,74 €/KG","img":"https://fd8-photos.leclercdrive.fr/image.ashx?id=2977105&use=l&cat=p&typeid=i","cat":284441},{"id":80,"n":"Gésiers de canard du Sud-Ouest NRT - 215g","p":6.99,"u":"32,51 €/KG","img":"https://fd8-photos.leclercdrive.fr/image.ashx?id=2723204&use=l&cat=p&typeid=i","cat":284440},{"id":92,"n":"Chips Pom'lisse Nature - 6x30g","p":1.37,"u":"7,61 €/KG","img":"https://fd8-photos.leclercdrive.fr/image.ashx?id=2917317&use=l&cat=p&typeid=i","cat":284447},{"id":97,"n":"Pétales salées Tokapi Soufflés - 75g","p":0.69,"u":"9,20 €/KG","img":"https://fd8-photos.leclercdrive.fr/image.ashx?id=2751874&use=l&cat=p&typeid=i","cat":284449},{"id":104,"n":"Mélange Grillé et salé Tokapi Cacahuètes et noisettes - 120g","p":1.46,"u":"12,17 €/KG","img":"https://fd8-photos.leclercdrive.fr/image.ashx?id=2794100&use=l&cat=p&typeid=i","cat":284448},{"id":105,"n":"Cacahuètes grillées Tokapi Salées - 250g","p":0.85,"u":"3,40 €/KG","img":"https://fd8-photos.leclercdrive.fr/image.ashx?id=2795529&use=l&cat=p&typeid=i","cat":284448},{"id":108,"n":"Noix de cajou grillées Tokapi Salées - 400g","p":4.78,"u":"11,95 €/KG","img":"https://fd8-photos.leclercdrive.fr/image.ashx?id=2793985&use=l&cat=p&typeid=i","cat":284448},{"id":113,"n":"Crackers Tuc Nature Original - 100g","p":1.15,"u":"11,50 €/KG","img":"https://fd8-photos.leclercdrive.fr/image.ashx?id=3002195&use=l&cat=p&typeid=i","cat":297000},{"id":117,"n":"Huile Isio 4 Lesieur 1L","p":3.79,"u":"3,79 €/L","img":"https://fd8-photos.leclercdrive.fr/image.ashx?id=2916018&use=l&cat=p&typeid=i","cat":284453},{"id":121,"n":"Huile Fleur de colza Lesieur  1L","p":2.95,"u":"2,95 €/L","img":"https://fd8-photos.leclercdrive.fr/image.ashx?id=2916848&use=l&cat=p&typeid=i","cat":284453},{"id":122,"n":"Huile de friture Rustica Sans odeur - 2L","p":4.45,"u":"2,23 €/L","img":"https://fd8-photos.leclercdrive.fr/image.ashx?id=2916662&use=l&cat=p&typeid=i","cat":284453},{"id":123,"n":"Huile végétale  Rustica Mélange 4 huiles  - 1L","p":2.65,"u":"2,65 €/L","img":"https://fd8-photos.leclercdrive.fr/image.ashx?id=2538134&use=l&cat=p&typeid=i","cat":284453},{"id":124,"n":"Huile d'olive Rustica Vierge extra - 1L","p":8.99,"u":"8,99 €/L","img":"https://fd8-photos.leclercdrive.fr/image.ashx?id=2898011&use=l&cat=p&typeid=i","cat":284453},{"id":125,"n":"Huile de tournesol Rustica  1L","p":1.99,"u":"1,99 €/L","img":"https://fd8-photos.leclercdrive.fr/image.ashx?id=2900319&use=l&cat=p&typeid=i","cat":284453},{"id":126,"n":"Huile de tournesol Rustica 3L","p":5.89,"u":"1,96 €/L","img":"https://fd8-photos.leclercdrive.fr/image.ashx?id=2900322&use=l&cat=p&typeid=i","cat":284453},{"id":127,"n":"Huile de colza Rustica  1L","p":1.76,"u":"1,76 €/L","img":"https://fd8-photos.leclercdrive.fr/image.ashx?id=2500797&use=l&cat=p&typeid=i","cat":284453},{"id":128,"n":"Vinaigre de vin Rustica 75cl","p":0.99,"u":"1,32 €/L","img":"https://fd8-photos.leclercdrive.fr/image.ashx?id=1061150&use=l&cat=p&typeid=i","cat":298543},{"id":129,"n":"Vinaigre de cidre Rustica  75cl","p":0.87,"u":"1,16 €/L","img":"https://fd8-photos.leclercdrive.fr/image.ashx?id=2657190&use=l&cat=p&typeid=i","cat":298543},{"id":130,"n":"Vinaigrette Rustica  Moutarde - 50cl","p":0.89,"u":"1,78 €/L","img":"https://fd8-photos.leclercdrive.fr/image.ashx?id=1950144&use=l&cat=p&typeid=i","cat":284456},{"id":131,"n":"Jus de citron Rustica Sicile - 2x125ml - 250ml","p":1.08,"u":"4,32 €/L","img":"https://fd8-photos.leclercdrive.fr/image.ashx?id=2974786&use=l&cat=p&typeid=i","cat":288383},{"id":136,"n":"Sel fin de Camargue NRT 250g","p":1.63,"u":"6,52 €/KG","img":"https://fd8-photos.leclercdrive.fr/image.ashx?id=2644906&use=l&cat=p&typeid=i","cat":284457},{"id":137,"n":"Gros sel de Camargue NRT Sachet -1kg","p":1.2,"u":"1,20 €/KG","img":"https://fd8-photos.leclercdrive.fr/image.ashx?id=2644903&use=l&cat=p&typeid=i","cat":284457},{"id":147,"n":"Olives vertes Rustica  Dénoyautées - 160g","p":0.92,"u":"5,75 €/KG","img":"https://fd8-photos.leclercdrive.fr/image.ashx?id=2499070&use=l&cat=p&typeid=i","cat":284458},{"id":156,"n":"Moutarde de Dijon Rustica  Fine et forte Verre whisky-280g","p":1.94,"u":"6,93 €/KG","img":"https://fd8-photos.leclercdrive.fr/image.ashx?id=2954337&use=l&cat=p&typeid=i","cat":288850},{"id":157,"n":"Moutarde de Dijon AMORA Fine & Forte - 265g","p":1.55,"u":"5,85 €/KG","img":"https://fd8-photos.leclercdrive.fr/image.ashx?id=3004870&use=l&cat=p&typeid=i","cat":288850},{"id":160,"n":"Mayonnaise Lesieur Huile de colza - 175g","p":0.85,"u":"4,86 €/KG","img":"https://fd8-photos.leclercdrive.fr/image.ashx?id=2917702&use=l&cat=p&typeid=i","cat":298295},{"id":169,"n":"Sauce Pesto Panzani Basilic - 200g","p":1.88,"u":"9,40 €/KG","img":"https://fd8-photos.leclercdrive.fr/image.ashx?id=2989093&use=l&cat=p&typeid=i","cat":287599},{"id":172,"n":"Purée de tomates Turini 720ml","p":1.26,"u":"1,75 €/L","img":"https://fd8-photos.leclercdrive.fr/image.ashx?id=2680539&use=l&cat=p&typeid=i","cat":288384},{"id":173,"n":"Pulpe de tomate Notre Jardin En dés - 3x383g","p":2.06,"u":"1,81 €/KG","img":"https://fd8-photos.leclercdrive.fr/image.ashx?id=2826918&use=l&cat=p&typeid=i","cat":288384},{"id":174,"n":"Tomates pelées Notre Jardin Entières - 476g","p":1.4,"u":"2,94 €/KG","img":"https://fd8-photos.leclercdrive.fr/image.ashx?id=2189999&use=l&cat=p&typeid=i","cat":312608},{"id":175,"n":"Sauce bolognaise Turini 420g","p":1.45,"u":"3,45 €/KG","img":"https://fd8-photos.leclercdrive.fr/image.ashx?id=2634860&use=l&cat=p&typeid=i","cat":287599},{"id":177,"n":"Sauce Tomate Turini 2x190g","p":1.39,"u":"3,66 €/KG","img":"https://fd8-photos.leclercdrive.fr/image.ashx?id=2668117&use=l&cat=p&typeid=i","cat":288384},{"id":178,"n":"Sauce Napolitaine Turini 420g","p":0.88,"u":"2,10 €/KG","img":"https://fd8-photos.leclercdrive.fr/image.ashx?id=2441893&use=l&cat=p&typeid=i","cat":287599},{"id":185,"n":"Pâtes Barilla Pipe Rigate - 500g","p":1.09,"u":"2,18 €/KG","img":"https://fd8-photos.leclercdrive.fr/image.ashx?id=2392209&use=l&cat=p&typeid=i","cat":284427},{"id":186,"n":"Pâtes Barilla Penne rigate - 500g","p":1.05,"u":"2,10 €/KG","img":"https://fd8-photos.leclercdrive.fr/image.ashx?id=2392203&use=l&cat=p&typeid=i","cat":284427},{"id":187,"n":"Pâtes Barilla Fusilli - 500g","p":1.05,"u":"2,10 €/KG","img":"https://fd8-photos.leclercdrive.fr/image.ashx?id=2392212&use=l&cat=p&typeid=i","cat":284427},{"id":191,"n":"Pâtes Collezione Barilla Lasagne aux œufs - 500g","p":2.09,"u":"4,18 €/KG","img":"https://fd8-photos.leclercdrive.fr/image.ashx?id=2990997&use=l&cat=p&typeid=i","cat":284427},{"id":192,"n":"Pâtes Barilla Penne rigate - 1kg","p":1.94,"u":"1,94 €/KG","img":"https://fd8-photos.leclercdrive.fr/image.ashx?id=2392191&use=l&cat=p&typeid=i","cat":284427},{"id":193,"n":"Pâtes vermicelles Panzani  500g","p":1.44,"u":"2,88 €/KG","img":"https://fd8-photos.leclercdrive.fr/image.ashx?id=2896072&use=l&cat=p&typeid=i","cat":284427},{"id":194,"n":"Pâtes Coquillettes Panzani 500g","p":0.95,"u":"1,90 €/KG","img":"https://fd8-photos.leclercdrive.fr/image.ashx?id=2870200&use=l&cat=p&typeid=i","cat":284427},{"id":195,"n":"Pâtes macaroni Panzani 500g","p":1.05,"u":"2,10 €/KG","img":"https://fd8-photos.leclercdrive.fr/image.ashx?id=2884297&use=l&cat=p&typeid=i","cat":284427},{"id":196,"n":"Pâtes nouilles fines Panzani 500g","p":1.25,"u":"2,50 €/KG","img":"https://fd8-photos.leclercdrive.fr/image.ashx?id=2876005&use=l&cat=p&typeid=i","cat":284427},{"id":197,"n":"Pâtes Torti Panzani 500g","p":0.8,"u":"1,60 €/KG","img":"https://fd8-photos.leclercdrive.fr/image.ashx?id=2869552&use=l&cat=p&typeid=i","cat":284427},{"id":198,"n":"Pâtes Spaghetti Panzani 500g","p":0.95,"u":"1,90 €/KG","img":"https://fd8-photos.leclercdrive.fr/image.ashx?id=2876023&use=l&cat=p&typeid=i","cat":284427},{"id":199,"n":"Pâtes Tagliatelle Panzani Créatives - 500G","p":1.69,"u":"3,38 €/KG","img":"https://fd8-photos.leclercdrive.fr/image.ashx?id=2902936&use=l&cat=p&typeid=i","cat":284427},{"id":200,"n":"Pâtes lasagnes Turini  500g","p":1.29,"u":"2,58 €/KG","img":"https://fd8-photos.leclercdrive.fr/image.ashx?id=2980779&use=l&cat=p&typeid=i","cat":284427},{"id":201,"n":"Pâtes Etoiles Turini 500g","p":1.05,"u":"2,10 €/KG","img":"https://fd8-photos.leclercdrive.fr/image.ashx?id=2744222&use=l&cat=p&typeid=i","cat":284427},{"id":202,"n":"Pâtes Nouilles Turini 500g","p":0.75,"u":"1,50 €/KG","img":"https://fd8-photos.leclercdrive.fr/image.ashx?id=2980462&use=l&cat=p&typeid=i","cat":284427},{"id":203,"n":"Pâtes Torsades Turini 500g","p":0.65,"u":"1,30 €/KG","img":"https://fd8-photos.leclercdrive.fr/image.ashx?id=2980423&use=l&cat=p&typeid=i","cat":284427},{"id":204,"n":"Pâtes Coquillettes Turini 500g","p":0.75,"u":"1,50 €/KG","img":"https://fd8-photos.leclercdrive.fr/image.ashx?id=2980405&use=l&cat=p&typeid=i","cat":284427},{"id":205,"n":"Pâtes Macaroni Turini 500g","p":0.75,"u":"1,50 €/KG","img":"https://fd8-photos.leclercdrive.fr/image.ashx?id=2980414&use=l&cat=p&typeid=i","cat":284427},{"id":206,"n":"Spaghetti Turini 500g","p":0.69,"u":"1,38 €/KG","img":"https://fd8-photos.leclercdrive.fr/image.ashx?id=2980396&use=l&cat=p&typeid=i","cat":284427},{"id":208,"n":"Pâtes gansettes Turini 500g","p":0.98,"u":"1,96 €/KG","img":"https://fd8-photos.leclercdrive.fr/image.ashx?id=2607422&use=l&cat=p&typeid=i","cat":284427},{"id":210,"n":"Pâtes cheveux d'anges Turini 500g","p":0.85,"u":"1,70 €/KG","img":"https://fd8-photos.leclercdrive.fr/image.ashx?id=2980785&use=l&cat=p&typeid=i","cat":284427},{"id":211,"n":"Pâtes Tagliatelles Turini 500g","p":1.29,"u":"2,58 €/KG","img":"https://fd8-photos.leclercdrive.fr/image.ashx?id=2669693&use=l&cat=p&typeid=i","cat":284427},{"id":217,"n":"Riz Thaï Comptoir du Grain Sélection Riz long - 1kg","p":2.2,"u":"2,20 €/KG","img":"https://fd8-photos.leclercdrive.fr/image.ashx?id=2657084&use=l&cat=p&typeid=i","cat":284428},{"id":218,"n":"Riz Basmati Comptoir du Grain Sélection Riz long - 1kg","p":2.55,"u":"2,55 €/KG","img":"https://fd8-photos.leclercdrive.fr/image.ashx?id=552079&use=l&cat=p&typeid=i","cat":284428},{"id":219,"n":"Riz long Comptoir du Grain Sachet cuisson rapide x5 - 1kg","p":1.74,"u":"1,74 €/KG","img":"https://fd8-photos.leclercdrive.fr/image.ashx?id=1759876&use=l&cat=p&typeid=i","cat":284428},{"id":221,"n":"Couscous Ferrero fin Graine nature - 1kg","p":2.65,"u":"2,65 €/KG","img":"https://fd8-photos.leclercdrive.fr/image.ashx?id=2862215&use=l&cat=p&typeid=i","cat":284429},{"id":224,"n":"Purée pomme de terre Pom'lisse Nature - 4x125g - 500g","p":1.85,"u":"3,70 €/KG","img":"https://fd8-photos.leclercdrive.fr/image.ashx?id=2929861&use=l&cat=p&typeid=i","cat":284431},{"id":225,"n":"Couscous Comptoir du Grain Grain moyen - 1kg","p":1.44,"u":"1,44 €/KG","img":"https://fd8-photos.leclercdrive.fr/image.ashx?id=3012797&use=l&cat=p&typeid=i","cat":284429},{"id":229,"n":"Blé précuit Comptoir du Grain Cuisson rapide 10 min - 500g","p":1.54,"u":"3,08 €/KG","img":"https://fd8-photos.leclercdrive.fr/image.ashx?id=1986243&use=l&cat=p&typeid=i","cat":284429},{"id":230,"n":"Pois cassés Notre Jardin 500g","p":1.05,"u":"2,10 €/KG","img":"https://fd8-photos.leclercdrive.fr/image.ashx?id=2983772&use=l&cat=p&typeid=i","cat":284430},{"id":231,"n":"Lentilles vertes Notre Jardin 500g","p":1.63,"u":"3,26 €/KG","img":"https://fd8-photos.leclercdrive.fr/image.ashx?id=2055651&use=l&cat=p&typeid=i","cat":284430},{"id":238,"n":"Soupe Velouté Régal Soupe Tomates - 1L","p":1.09,"u":"1,09 €/L","img":"https://fd8-photos.leclercdrive.fr/image.ashx?id=2800234&use=l&cat=p&typeid=i","cat":284462},{"id":239,"n":"Soupe Velouté Régal Soupe 10 légumes - 1L","p":1.19,"u":"1,19 €/L","img":"https://fd8-photos.leclercdrive.fr/image.ashx?id=2983781&use=l&cat=p&typeid=i","cat":284462},{"id":240,"n":"Soupe Régal Soupe Poireaux Pommes de terre - 1L","p":1.19,"u":"1,19 €/L","img":"https://fd8-photos.leclercdrive.fr/image.ashx?id=2607356&use=l&cat=p&typeid=i","cat":284462},{"id":241,"n":"Soupe Mouliné Régal Soupe 10 légumes variés - 1L","p":1.08,"u":"1,08 €/L","img":"https://fd8-photos.leclercdrive.fr/image.ashx?id=2607353&use=l&cat=p&typeid=i","cat":284462},{"id":255,"n":"Arôme Saveur Maggi 250g","p":1.78,"u":"7,12 €/KG","img":"https://fd8-photos.leclercdrive.fr/image.ashx?id=2671960&use=l&cat=p&typeid=i","cat":288379},{"id":259,"n":"Assaisonnement Liquide KNORR Viandox - 160ml","p":1.46,"pp":1.02,"u":"6,38 €/L","img":"https://fd8-photos.leclercdrive.fr/image.ashx?id=2705215&use=l&cat=p&typeid=i","cat":288383},{"id":267,"n":"Biscuits Petit Ecolier LU Chocolat au lait - 120g","p":2.2,"u":"18,33 €/KG","img":"https://fd8-photos.leclercdrive.fr/image.ashx?id=3014404&use=l&cat=p&typeid=i","cat":284488},{"id":270,"n":"Biscuits Petit Ecolier LU Chocolat noir - 150g","p":1.75,"u":"11,67 €/KG","img":"https://fd8-photos.leclercdrive.fr/image.ashx?id=2944359&use=l&cat=p&typeid=i","cat":284488},{"id":274,"n":"Biscuits Pocket Prince Chocolat - 400g","p":2.65,"u":"6,63 €/KG","img":"https://fd8-photos.leclercdrive.fr/image.ashx?id=3002207&use=l&cat=p&typeid=i","cat":284488},{"id":278,"n":"Biscuits La Barquette Lulu LU Chocolat noisettes - 2x120g","p":2.19,"u":"9,13 €/KG","img":"https://fd8-photos.leclercdrive.fr/image.ashx?id=2135740&use=l&cat=p&typeid=i","cat":284488},{"id":280,"n":"Biscuits Petits cœurs LU Chocolat - 180g","p":2.75,"u":"15,28 €/KG","img":"https://fd8-photos.leclercdrive.fr/image.ashx?id=3002024&use=l&cat=p&typeid=i","cat":284488},{"id":281,"n":"Gâteaux moelleux Lulu LU Coqueline Chocolat - 165g","p":1.79,"u":"10,85 €/KG","img":"https://fd8-photos.leclercdrive.fr/image.ashx?id=3001946&use=l&cat=p&typeid=i","cat":284495},{"id":283,"n":"Biscuit Petit beurre P'tit Déli Chocolat au lait pocket - 250g","p":2.25,"u":"9,00 €/KG","img":"https://fd8-photos.leclercdrive.fr/image.ashx?id=750519&use=l&cat=p&typeid=i","cat":284488},{"id":284,"n":"Biscuits P'tit Déli ronds Chocolat lait 200g","p":1.2,"u":"6,00 €/KG","img":"https://fd8-photos.leclercdrive.fr/image.ashx?id=2884210&use=l&cat=p&typeid=i","cat":284488},{"id":286,"n":"Biscuits barquette P'tit Déli Chocolat et noisette x18 - 120g","p":0.89,"u":"7,42 €/KG","img":"https://fd8-photos.leclercdrive.fr/image.ashx?id=2705065&use=l&cat=p&typeid=i","cat":284488},{"id":288,"n":"Gaufrettes P'tit Déli  Enrobées chocolat 150g","p":1.59,"u":"10,60 €/KG","img":"https://fd8-photos.leclercdrive.fr/image.ashx?id=2965416&use=l&cat=p&typeid=i","cat":284488},{"id":289,"n":"Mini goûters P'tit Déli Chocolat 168g","p":1.13,"u":"6,73 €/KG","img":"https://fd8-photos.leclercdrive.fr/image.ashx?id=2321941&use=l&cat=p&typeid=i","cat":284488},{"id":290,"n":"Biscuits P'tit Déli Bâtonnets Chocolat 150g","p":1.19,"u":"7,93 €/KG","img":"https://fd8-photos.leclercdrive.fr/image.ashx?id=2470189&use=l&cat=p&typeid=i","cat":284488},{"id":292,"n":"Biscuits fourrés P'tit Déli Coeur fondant chocolat - 225g","p":1.26,"u":"5,60 €/KG","img":"https://fd8-photos.leclercdrive.fr/image.ashx?id=2932393&use=l&cat=p&typeid=i","cat":284488},{"id":296,"n":"Biscuits La Barquette Lulu LU Fraise - 2x120g","p":2.29,"u":"9,54 €/KG","img":"https://fd8-photos.leclercdrive.fr/image.ashx?id=3001952&use=l&cat=p&typeid=i","cat":284489},{"id":297,"n":"Biscuits La Barquette Lulu LU Framboise - 2x120g","p":2.29,"u":"19,08 €/KG","img":"https://fd8-photos.leclercdrive.fr/image.ashx?id=2904631&use=l&cat=p&typeid=i","cat":284489},{"id":298,"n":"Gâteaux moelleux Lulu LU Coqueline Fraise - 165g","p":1.65,"u":"10,00 €/KG","img":"https://fd8-photos.leclercdrive.fr/image.ashx?id=2977252&use=l&cat=p&typeid=i","cat":284495},{"id":304,"n":"Génoises fourrées P'tit Déli - 150g","p":1.39,"u":"9,27 €/KG","img":"https://fd8-photos.leclercdrive.fr/image.ashx?id=2470192&use=l&cat=p&typeid=i","cat":284489},{"id":310,"n":"Biscuits boudoirs P'tit Déli Aux oeufs - 175g","p":1.38,"u":"7,89 €/KG","img":"https://fd8-photos.leclercdrive.fr/image.ashx?id=828485&use=l&cat=p&typeid=i","cat":284487},{"id":313,"n":"Biscuits palmiers P'tit Déli 100g","p":0.59,"u":"5,90 €/KG","img":"https://fd8-photos.leclercdrive.fr/image.ashx?id=2940896&use=l&cat=p&typeid=i","cat":284487},{"id":314,"n":"Biscuits langue chat P'tit Déli 200g","p":1.28,"u":"6,40 €/KG","img":"https://fd8-photos.leclercdrive.fr/image.ashx?id=1875827&use=l&cat=p&typeid=i","cat":284487},{"id":315,"n":"Biscuits cigarettes P'tit Déli Fines 180g","p":0.95,"u":"5,28 €/KG","img":"https://fd8-photos.leclercdrive.fr/image.ashx?id=2907039&use=l&cat=p&typeid=i","cat":284487},{"id":316,"n":"Palets bretons P'tit Déli 125g","p":0.97,"u":"7,76 €/KG","img":"https://fd8-photos.leclercdrive.fr/image.ashx?id=2809650&use=l&cat=p&typeid=i","cat":284487},{"id":321,"n":"Cake fruits Brossard 500g","p":4.45,"u":"8,90 €/KG","img":"https://fd8-photos.leclercdrive.fr/image.ashx?id=2983105&use=l&cat=p&typeid=i","cat":284493},{"id":322,"n":"Cake anglais Brossard 400g","p":3.09,"u":"7,73 €/KG","img":"https://fd8-photos.leclercdrive.fr/image.ashx?id=2456795&use=l&cat=p&typeid=i","cat":284493},{"id":323,"n":"Gâteaux Mini roulés Pépito Chocolat - 150g","p":1.99,"u":"13,27 €/KG","img":"https://fd8-photos.leclercdrive.fr/image.ashx?id=2331898&use=l&cat=p&typeid=i","cat":284495},{"id":325,"n":"Galettes Bretonnes P'tit Déli Pur beurre - 125g","p":0.73,"u":"5,84 €/KG","img":"https://fd8-photos.leclercdrive.fr/image.ashx?id=2847943&use=l&cat=p&typeid=i","cat":284487},{"id":327,"n":"Biscuits P'tit Déli Cookies Chocolat nougatine 200g","p":1.35,"u":"6,75 €/KG","img":"https://fd8-photos.leclercdrive.fr/image.ashx?id=2900022&use=l&cat=p&typeid=i","cat":325066},{"id":328,"n":"Biscuits Cookies P'tit Déli Chocolat pépite chocolat - 200g","p":1.35,"u":"6,75 €/KG","img":"https://fd8-photos.leclercdrive.fr/image.ashx?id=2900025&use=l&cat=p&typeid=i","cat":325066},{"id":345,"n":"Pain de mie Harrys - Nature Longue conservation - 250g","p":0.84,"u":"3,36 €/KG","img":"https://fd8-photos.leclercdrive.fr/image.ashx?id=2507976&use=l&cat=p&typeid=i","cat":284477},{"id":349,"n":"Pain de mie nature Epi d'Or Classique - 500g","p":1.19,"u":"2,38 €/KG","img":"https://fd8-photos.leclercdrive.fr/image.ashx?id=2615582&use=l&cat=p&typeid=i","cat":284477},{"id":350,"n":"Pain de mie nature Epi d'Or Grandes tranches - 550g","p":1.09,"u":"1,98 €/KG","img":"https://fd8-photos.leclercdrive.fr/image.ashx?id=2860700&use=l&cat=p&typeid=i","cat":284477},{"id":352,"n":"Pain de mie nature Epi d'Or  Extra-moelleux - 500g","p":0.95,"u":"1,90 €/KG","img":"https://fd8-photos.leclercdrive.fr/image.ashx?id=2860697&use=l&cat=p&typeid=i","cat":284477},{"id":360,"n":"Pains au lait Epi d'Or Pépites chocolat - 350g","p":2.29,"u":"6,54 €/KG","img":"https://fd8-photos.leclercdrive.fr/image.ashx?id=2867895&use=l&cat=p&typeid=i","cat":293505},{"id":361,"n":"Brioche tranchée Epi d'Or Nature - 500g","p":1.65,"u":"3,30 €/KG","img":"https://fd8-photos.leclercdrive.fr/image.ashx?id=2860694&use=l&cat=p&typeid=i","cat":284478},{"id":362,"n":"Briochettes Epi d'Or Nature x12 - 480g","p":1.49,"u":"3,10 €/KG","img":"https://fd8-photos.leclercdrive.fr/image.ashx?id=2860709&use=l&cat=p&typeid=i","cat":284478},{"id":363,"n":"Pains au lait Epi d'Or x10 - 350g","p":1.19,"u":"3,40 €/KG","img":"https://fd8-photos.leclercdrive.fr/image.ashx?id=2860688&use=l&cat=p&typeid=i","cat":293505},{"id":364,"n":"Pains au chocolat Epi d'Or x8 - 360g","p":1.89,"u":"5,25 €/KG","img":"https://fd8-photos.leclercdrive.fr/image.ashx?id=2860691&use=l&cat=p&typeid=i","cat":296366},{"id":368,"n":"Madeleine P'tit Déli coquilles Sachet 1kg","p":3.4,"u":"3,40 €/KG","img":"https://fd8-photos.leclercdrive.fr/image.ashx?id=2999493&use=l&cat=p&typeid=i","cat":284492},{"id":369,"n":"Marbré P'tit Déli 300g","p":1.89,"u":"6,30 €/KG","img":"https://fd8-photos.leclercdrive.fr/image.ashx?id=2562698&use=l&cat=p&typeid=i","cat":294776},{"id":373,"n":"Biscottes Plaine Vie Heudebert  Sans sel - 300g","p":1.85,"u":"6,17 €/KG","img":"https://fd8-photos.leclercdrive.fr/image.ashx?id=2870572&use=l&cat=p&typeid=i","cat":284479},{"id":375,"n":"Biscottes fourrées Cracotte LU  Framboise - 200g","p":1.91,"u":"9,55 €/KG","img":"https://fd8-photos.leclercdrive.fr/image.ashx?id=2873844&use=l&cat=p&typeid=i","cat":284479},{"id":376,"n":"Biscottes Cracotte LU  Froment - 250g","p":1.49,"u":"5,96 €/KG","img":"https://fd8-photos.leclercdrive.fr/image.ashx?id=3002006&use=l&cat=p&typeid=i","cat":284479},{"id":377,"n":"Biscottes Cracotte LU Gourmande - 250g","p":1.69,"u":"6,76 €/KG","img":"https://fd8-photos.leclercdrive.fr/image.ashx?id=3002009&use=l&cat=p&typeid=i","cat":284479},{"id":378,"n":"Biscottes Cracotte LU  Céréales complètes - 250g","p":1.69,"u":"6,76 €/KG","img":"https://fd8-photos.leclercdrive.fr/image.ashx?id=3002012&use=l&cat=p&typeid=i","cat":284479},{"id":379,"n":"Biscottes fourrées Cracotte Lu Chocolat - 200g","p":1.91,"u":"9,55 €/KG","img":"https://fd8-photos.leclercdrive.fr/image.ashx?id=2849704&use=l&cat=p&typeid=i","cat":284479},{"id":382,"n":"Biscottes Epi d'Or 6 céréales x36 - 300g","p":1.22,"u":"4,07 €/KG","img":"https://fd8-photos.leclercdrive.fr/image.ashx?id=2532832&use=l&cat=p&typeid=i","cat":284479},{"id":384,"n":"Biscottes Epi d'Or froment x36 - 300g","p":1.37,"u":"4,57 €/KG","img":"https://fd8-photos.leclercdrive.fr/image.ashx?id=2634854&use=l&cat=p&typeid=i","cat":284479},{"id":388,"n":"Tartines craquantes Epi d'Or  Froment - 250g","p":1.05,"u":"4,20 €/KG","img":"https://fd8-photos.leclercdrive.fr/image.ashx?id=2856121&use=l&cat=p&typeid=i","cat":284479},{"id":397,"n":"Café moulu Malongo Petits producteurs - 250g","p":4.99,"u":"19,96 €/KG","img":"https://fd8-photos.leclercdrive.fr/image.ashx?id=3003197&use=l&cat=p&typeid=i","cat":284750},{"id":399,"n":"Café moulu Plantation Intense et aromatique - 2x250g","p":6.8,"u":"13,60 €/KG","img":"https://fd8-photos.leclercdrive.fr/image.ashx?id=2607398&use=l&cat=p&typeid=i","cat":284750},{"id":400,"n":"Café moulu Plantation  Intense et aromatique - 250g","p":3.5,"u":"14,00 €/KG","img":"https://fd8-photos.leclercdrive.fr/image.ashx?id=2555050&use=l&cat=p&typeid=i","cat":284750},{"id":402,"n":"Café moulu Plantation  Tradition - 4x250g","p":9.6,"u":"9,60 €/KG","img":"https://fd8-photos.leclercdrive.fr/image.ashx?id=2824250&use=l&cat=p&typeid=i","cat":284750},{"id":405,"n":"Café Soluble Nescafé Spécial Filtre Original - 200g","p":7.46,"u":"37,30 €/KG","img":"https://fd8-photos.leclercdrive.fr/image.ashx?id=2837154&use=l&cat=p&typeid=i","cat":284843},{"id":407,"n":"Café et Chicorée Soluble Ricoré Lait - 400g","p":6.19,"u":"15,48 €/KG","img":"https://fd8-photos.leclercdrive.fr/image.ashx?id=2979617&use=l&cat=p&typeid=i","cat":284843},{"id":435,"n":"Infusion Tiséa Tilleul Menthe - x25","p":1.05,"u":"26,25 €/KG","img":"https://fd8-photos.leclercdrive.fr/image.ashx?id=2481748&use=l&cat=p&typeid=i","cat":293234},{"id":436,"n":"Infusion Tiséa Verveine - x25","p":0.92,"u":"23,00 €/KG","img":"https://fd8-photos.leclercdrive.fr/image.ashx?id=2900328&use=l&cat=p&typeid=i","cat":293234},{"id":437,"n":"Infusion Tiséa Verveine Orange - x25","p":1.34,"u":"33,50 €/KG","img":"https://fd8-photos.leclercdrive.fr/image.ashx?id=2441126&use=l&cat=p&typeid=i","cat":293234},{"id":444,"n":"Lait en poudre Régilait Demi écrémé - 300g","p":2.55,"u":"8,50 €/KG","img":"https://fd8-photos.leclercdrive.fr/image.ashx?id=2110077&use=l&cat=p&typeid=i","cat":299162},{"id":446,"n":"Lait en poudre Délisse Ecrémé - 300g","p":2.1,"u":"7,00 €/KG","img":"https://fd8-photos.leclercdrive.fr/image.ashx?id=2545467&use=l&cat=p&typeid=i","cat":299162},{"id":451,"n":"Confiture Bonne Maman Abricots - 370g","p":1.83,"u":"4,95 €/KG","img":"https://fd8-photos.leclercdrive.fr/image.ashx?id=3001275&use=l&cat=p&typeid=i","cat":284480},{"id":453,"n":"Confiture extra figues NRT De Provence - 315g","p":2.64,"u":"8,38 €/KG","img":"https://fd8-photos.leclercdrive.fr/image.ashx?id=2699801&use=l&cat=p&typeid=i","cat":284480},{"id":456,"n":"Céréales Golden Grahams Nestlé 375g","p":2.29,"u":"6,11 €/KG","img":"https://fd8-photos.leclercdrive.fr/image.ashx?id=2979830&use=l&cat=p&typeid=i","cat":309513},{"id":473,"n":"Céréales Lion Nestlé Caramel et Chocolat - 400g","p":2.75,"u":"6,88 €/KG","img":"https://fd8-photos.leclercdrive.fr/image.ashx?id=2927453&use=l&cat=p&typeid=i","cat":309513},{"id":474,"n":"Céréales Cookie Crisp Nestlé 375g","p":2.45,"u":"6,53 €/KG","img":"https://fd8-photos.leclercdrive.fr/image.ashx?id=2926443&use=l&cat=p&typeid=i","cat":309513},{"id":486,"n":"Sucre en poudre Saint Louis 1kg","p":1.85,"u":"1,85 €/KG","img":"https://fd8-photos.leclercdrive.fr/image.ashx?id=2624239&use=l&cat=p&typeid=i","cat":284502},{"id":487,"n":"Sucre cristal Saint Louis Sachet 5kg","p":9.05,"u":"1,81 €/KG","img":"https://fd8-photos.leclercdrive.fr/image.ashx?id=2624248&use=l&cat=p&typeid=i","cat":284502},{"id":491,"n":"Levure boulangère Francine 30g","p":1.25,"u":"41,67 €/KG","img":"https://fd8-photos.leclercdrive.fr/image.ashx?id=2210083&use=l&cat=p&typeid=i","cat":294686},{"id":492,"n":"Farine fluide Tablier Blanc Sans grumeaux - 1kg","p":0.85,"u":"0,85 €/KG","img":"https://fd8-photos.leclercdrive.fr/image.ashx?id=2832628&use=l&cat=p&typeid=i","cat":284503},{"id":494,"n":"Levure boulangère Alsa Briochin - x5 - 27.5g","p":0.99,"u":"35,36 €/KG","img":"https://fd8-photos.leclercdrive.fr/image.ashx?id=3007906&use=l&cat=p&typeid=i","cat":294686},{"id":495,"n":"Sucre vanilliné Tablier Blanc x10 - 75g","p":0.73,"u":"9,73 €/KG","img":"https://fd8-photos.leclercdrive.fr/image.ashx?id=2487434&use=l&cat=p&typeid=i","cat":284504},{"id":496,"n":"Sucre Vanillé des Isles Alsa x7 - 52.5g","p":2.75,"u":"52,88 €/KG","img":"https://fd8-photos.leclercdrive.fr/image.ashx?id=2965867&use=l&cat=p&typeid=i","cat":294686},{"id":497,"n":"Sucre Vanillé Alsa x12 - 90g","p":2.25,"u":"25,00 €/KG","img":"https://fd8-photos.leclercdrive.fr/image.ashx?id=3004459&use=l&cat=p&typeid=i","cat":294686},{"id":528,"n":"Bonbons Copains Copines Cola acide - 275 g","p":1.53,"u":"5,56 €/KG","img":"https://fd8-photos.leclercdrive.fr/image.ashx?id=2934658&use=l&cat=p&typeid=i","cat":304250},{"id":529,"n":"Bonbons Copains Copines Chocours 200g","p":1.25,"u":"6,25 €/KG","img":"https://fd8-photos.leclercdrive.fr/image.ashx?id=2934649&use=l&cat=p&typeid=i","cat":304250},{"id":546,"n":"Eau minérale naturelle Des Alpes - 6x50cl","p":1.98,"u":"0,66 €/L","img":"https://fd8-photos.leclercdrive.fr/image.ashx?id=552962&use=l&cat=p&typeid=i","cat":284535},{"id":567,"n":"Eau gazeuse San Pellegrino Minérale naturelle - 6x50cl","p":3.06,"u":"1,02 €/L","img":"https://fd8-photos.leclercdrive.fr/image.ashx?id=2145871&use=l&cat=p&typeid=i","cat":284536},{"id":589,"n":"Sirop Frucci Orange - 75cl","p":3.25,"u":"4,33 €/L","img":"https://fd8-photos.leclercdrive.fr/image.ashx?id=2574248&use=l&cat=p&typeid=i","cat":295020},{"id":591,"n":"Sirop Frucci Citron - 75cl","p":1.69,"u":"2,25 €/L","img":"https://fd8-photos.leclercdrive.fr/image.ashx?id=2842214&use=l&cat=p&typeid=i","cat":295020},{"id":592,"n":"Sirop Frucci Grenadine - 75cl","p":1.99,"u":"2,65 €/L","img":"https://fd8-photos.leclercdrive.fr/image.ashx?id=2842220&use=l&cat=p&typeid=i","cat":295020},{"id":593,"n":"Sirop Frucci Pêche - 75cl","p":2.39,"u":"3,19 €/L","img":"https://fd8-photos.leclercdrive.fr/image.ashx?id=2842226&use=l&cat=p&typeid=i","cat":295020},{"id":594,"n":"Sirop Frucci Framboise - 75cl","p":3.52,"u":"4,69 €/L","img":"https://fd8-photos.leclercdrive.fr/image.ashx?id=2909867&use=l&cat=p&typeid=i","cat":295020},{"id":595,"n":"Sirop Frucci Fraise - 75cl","p":2.69,"u":"3,59 €/L","img":"https://fd8-photos.leclercdrive.fr/image.ashx?id=2842232&use=l&cat=p&typeid=i","cat":295020},{"id":596,"n":"Sirop Frucci Cassis - 75cl","p":2.94,"u":"3,92 €/L","img":"https://fd8-photos.leclercdrive.fr/image.ashx?id=2842238&use=l&cat=p&typeid=i","cat":295020},{"id":598,"n":"100% Pur jus de tomate Jafaden bouteille plastique -1L","p":2.05,"u":"2,05 €/L","img":"https://fd8-photos.leclercdrive.fr/image.ashx?id=2860682&use=l&cat=p&typeid=i","cat":284523},{"id":612,"n":"100% Pur jus d'orange Jafaden Sans pulpe - 1L","p":2.22,"u":"2,22 €/L","img":"https://fd8-photos.leclercdrive.fr/image.ashx?id=2955620&use=l&cat=p&typeid=i","cat":284521},{"id":613,"n":"Jus d'orange Jafaden A base de concentré - 6x20cl","p":1.99,"u":"1,66 €/L","img":"https://fd8-photos.leclercdrive.fr/image.ashx?id=2751871&use=l&cat=p&typeid=i","cat":284524},{"id":617,"n":"100% Pur jus d'orange Jafaden  Sans pulpe - 1,5L","p":2.65,"u":"1,77 €/L","img":"https://fd8-photos.leclercdrive.fr/image.ashx?id=2842468&use=l&cat=p&typeid=i","cat":284521},{"id":618,"n":"Nectar d'orange Jafaden Avec pulpe - 1L","p":1.69,"u":"1,69 €/L","img":"https://fd8-photos.leclercdrive.fr/image.ashx?id=2955638&use=l&cat=p&typeid=i","cat":284521},{"id":619,"n":"Nectar orange Jafaden 2L","p":2.52,"u":"1,26 €/L","img":"https://fd8-photos.leclercdrive.fr/image.ashx?id=2955644&use=l&cat=p&typeid=i","cat":284521},{"id":621,"n":"100% Pur jus d'orange Jafaden  Sans pulpe - 2L","p":3.49,"u":"1,75 €/L","img":"https://fd8-photos.leclercdrive.fr/image.ashx?id=2842456&use=l&cat=p&typeid=i","cat":284521},{"id":624,"n":"Pur Jus de pommes NRT De Bretagne - 1L","p":2.53,"u":"2,53 €/L","img":"https://fd8-photos.leclercdrive.fr/image.ashx?id=2590463&use=l&cat=p&typeid=i","cat":284522},{"id":625,"n":"Pur jus raisin Jafaden 1L","p":1.55,"u":"1,55 €/L","img":"https://fd8-photos.leclercdrive.fr/image.ashx?id=2955626&use=l&cat=p&typeid=i","cat":284915},{"id":627,"n":"Jus pamplemousse rose Jafaden A base de concentré - 1L","p":1.55,"u":"1,55 €/L","img":"https://fd8-photos.leclercdrive.fr/image.ashx?id=2520005&use=l&cat=p&typeid=i","cat":284914},{"id":630,"n":"Nectar Jafaden Orange banane - 2L","p":3.19,"u":"1,60 €/L","img":"https://fd8-photos.leclercdrive.fr/image.ashx?id=2955680&use=l&cat=p&typeid=i","cat":284915},{"id":632,"n":"Jus ananas Jafaden A base de concentré 1L","p":1.75,"u":"1,75 €/L","img":"https://fd8-photos.leclercdrive.fr/image.ashx?id=2919592&use=l&cat=p&typeid=i","cat":284916},{"id":633,"n":"Jus d'ananas Jafaden Briquettes - 6x20cl","p":2.7,"u":"2,25 €/L","img":"https://fd8-photos.leclercdrive.fr/image.ashx?id=2869775&use=l&cat=p&typeid=i","cat":284524},{"id":638,"n":"Jus multifruits Jafaden 1L","p":1.89,"u":"1,89 €/L","img":"https://fd8-photos.leclercdrive.fr/image.ashx?id=2916659&use=l&cat=p&typeid=i","cat":285435},{"id":655,"n":"Soda Jean's Cola Bouteille - 1,5L","p":1.09,"u":"0,73 €/L","img":"https://fd8-photos.leclercdrive.fr/image.ashx?id=923257&use=l&cat=p&typeid=i","cat":284530},{"id":656,"n":"Soda Jean's Cola Canette - 6x33cl","p":2.26,"u":"1,14 €/L","img":"https://fd8-photos.leclercdrive.fr/image.ashx?id=2637829&use=l&cat=p&typeid=i","cat":284530},{"id":657,"n":"Soda Jean's Cola allégé Bouteille - 1,5L","p":0.87,"u":"0,58 €/L","img":"https://fd8-photos.leclercdrive.fr/image.ashx?id=2874681&use=l&cat=p&typeid=i","cat":284530},{"id":668,"n":"Limonade artisanale NRT 1L","p":2.75,"u":"2,75 €/L","img":"https://fd8-photos.leclercdrive.fr/image.ashx?id=2791066&use=l&cat=p&typeid=i","cat":284531},{"id":669,"n":"Limonade des Pyrénées NRT 6x33cl","p":3.35,"u":"1,69 €/L","img":"https://fd8-photos.leclercdrive.fr/image.ashx?id=2771055&use=l&cat=p&typeid=i","cat":284531},{"id":673,"n":"Soda Gini Citron - 1,5L","p":2.15,"u":"1,43 €/L","img":"https://fd8-photos.leclercdrive.fr/image.ashx?id=2654677&use=l&cat=p&typeid=i","cat":284532},{"id":682,"n":"Soda Pulp'Orange Bouteille - 1,5L","p":1.47,"u":"0,98 €/L","img":"https://fd8-photos.leclercdrive.fr/image.ashx?id=2922382&use=l&cat=p&typeid=i","cat":284532},{"id":683,"n":"Soda Pulp'Orange rouge Bouteille - 1,5L","p":1.59,"u":"1,06 €/L","img":"https://fd8-photos.leclercdrive.fr/image.ashx?id=2922394&use=l&cat=p&typeid=i","cat":284532},{"id":689,"n":"Thé glacé Fresh Tea Pêche - Canette -  6x33cl","p":2.49,"u":"1,26 €/L","img":"https://fd8-photos.leclercdrive.fr/image.ashx?id=2622239&use=l&cat=p&typeid=i","cat":295019},{"id":699,"n":"Bière blonde 1664 75cl","p":2.19,"u":"2,92 €/L","img":"https://fd8-photos.leclercdrive.fr/image.ashx?id=2730715&use=l&cat=p&typeid=i","cat":334873},{"id":700,"n":"Bière blonde 1664 5,5° - 4x50cl canettes","p":5.09,"u":"2,55 €/L","img":"https://fd8-photos.leclercdrive.fr/image.ashx?id=2793536&use=l&cat=p&typeid=i","cat":334853},{"id":730,"n":"Bière Blonde Altas 7,2% - 50cl canette","p":1.09,"u":"2,18 €/L","img":"https://fd8-photos.leclercdrive.fr/image.ashx?id=1617294&use=l&cat=p&typeid=i","cat":334853},{"id":731,"n":"Bière blonde forte Falsbourg Canette - 8%vol. - 50cl","p":0.98,"u":"1,96 €/L","img":"https://fd8-photos.leclercdrive.fr/image.ashx?id=2637838&use=l&cat=p&typeid=i","cat":334853},{"id":733,"n":"Whisky Bourbon Four Roses 40% vol - 70cl","p":21.21,"pp":14.0,"u":"20,00 €/L","img":"https://fd8-photos.leclercdrive.fr/image.ashx?id=2989417&use=l&cat=p&typeid=i","cat":284547},{"id":737,"n":"Rhum blanc Lagoa 40%vol - 70cl","p":9.99,"u":"14,27 €/L","img":"https://fd8-photos.leclercdrive.fr/image.ashx?id=2966469&use=l&cat=p&typeid=i","cat":284550},{"id":741,"n":"IGP Pays d'Oc Chardonnay Blanc Vieux Carion 13% vol -75 cl","p":2.75,"u":"3,67 €/L","img":"https://fd8-photos.leclercdrive.fr/image.ashx?id=2874690&use=l&cat=p&typeid=i","cat":289557},{"id":742,"n":"AOP Cabernet d'Anjou vin rosé Les Caractères - BIB 3L - 11%","p":13.49,"u":"4,50 €/L","img":"https://fd8-photos.leclercdrive.fr/image.ashx?id=2940902&use=l&cat=p&typeid=i","cat":289560},{"id":744,"n":"Cidre bouché Les Goelleries Breton brut 5%vol. - 75cl","p":1.99,"u":"2,65 €/L","img":"https://fd8-photos.leclercdrive.fr/image.ashx?id=2842184&use=l&cat=p&typeid=i","cat":334880},{"id":751,"n":"Coulommiers Les Croisés Tendre/Onctueux - 24%mg - 350g","p":2.15,"u":"6,14 €/KG","img":"https://fd8-photos.leclercdrive.fr/image.ashx?id=2974768&use=l&cat=p&typeid=i","cat":314033},{"id":752,"n":"Petit Brie Les Croisés 32% matière grasse - 500g","p":4.31,"u":"8,62 €/KG","img":"https://fd8-photos.leclercdrive.fr/image.ashx?id=2974792&use=l&cat=p&typeid=i","cat":314033},{"id":753,"n":"Pointe de Brie Les Croisés 32% mg - 200g","p":1.45,"u":"7,25 €/KG","img":"https://fd8-photos.leclercdrive.fr/image.ashx?id=2974771&use=l&cat=p&typeid=i","cat":314033},{"id":754,"n":"Fromage Les Croisés Coeur Crème Lait pasteurisé 33%mg - 300g","p":2.29,"u":"7,63 €/KG","img":"https://fd8-photos.leclercdrive.fr/image.ashx?id=2625068&use=l&cat=p&typeid=i","cat":314033},{"id":757,"n":"Fromage Comté Entremont 32 %mg - 350g","p":5.35,"u":"15,29 €/KG","img":"https://fd8-photos.leclercdrive.fr/image.ashx?id=2983147&use=l&cat=p&typeid=i","cat":314034},{"id":758,"n":"Bloc de fromage Leerdammer L'Original - 350g","p":4.49,"u":"12,83 €/KG","img":"https://fd8-photos.leclercdrive.fr/image.ashx?id=2507587&use=l&cat=p&typeid=i","cat":314034},{"id":760,"n":"Emmental fromage bloc Les Croisés - 250g","p":2.24,"u":"8,96 €/KG","img":"https://fd8-photos.leclercdrive.fr/image.ashx?id=2904550&use=l&cat=p&typeid=i","cat":314034},{"id":764,"n":"Fromage Bleu Les Croisés Lait pasteurisé 31% mg - 250g","p":2.29,"u":"9,16 €/KG","img":"https://fd8-photos.leclercdrive.fr/image.ashx?id=1081023&use=l&cat=p&typeid=i","cat":314032},{"id":768,"n":"Fromage de chèvre Les Croisés Lait pasteurisé 22%mg - 180g","p":2.29,"u":"12,72 €/KG","img":"https://fd8-photos.leclercdrive.fr/image.ashx?id=2048615&use=l&cat=p&typeid=i","cat":314031},{"id":769,"n":"Fromage de Brebis Les Croisés -Tranche - 200g","p":2.22,"u":"11,10 €/KG","img":"https://fd8-photos.leclercdrive.fr/image.ashx?id=2237499&use=l&cat=p&typeid=i","cat":314031},{"id":785,"n":"Rondelé ail et fines herbes 125g","p":1.85,"u":"14,80 €/KG","img":"https://fd8-photos.leclercdrive.fr/image.ashx?id=2967756&use=l&cat=p&typeid=i","cat":314029},{"id":786,"n":"Chaussée aux Moines 450g","p":4.22,"u":"9,38 €/KG","img":"https://fd8-photos.leclercdrive.fr/image.ashx?id=2771166&use=l&cat=p&typeid=i","cat":329184},{"id":787,"n":"Fromage L'Ortolan  Fromagerie Milleret - 250g","p":2.48,"u":"9,92 €/KG","img":"https://fd8-photos.leclercdrive.fr/image.ashx?id=2450913&use=l&cat=p&typeid=i","cat":314033},{"id":794,"n":"Rocamadour NRT AOP  Fromage de chèvre - 3x35g","p":2.69,"u":"25,62 €/KG","img":"https://fd8-photos.leclercdrive.fr/image.ashx?id=2954142&use=l&cat=p&typeid=i","cat":314031},{"id":795,"n":"Fromage Brique Les Croisés Lait pasteurisé 60%mg - 200g","p":1.74,"u":"8,70 €/KG","img":"https://fd8-photos.leclercdrive.fr/image.ashx?id=2615804&use=l&cat=p&typeid=i","cat":314033},{"id":796,"n":"Fromage raclette Les Croisés Tranchette lait pasteurisé 400g","p":3.89,"u":"9,73 €/KG","img":"https://fd8-photos.leclercdrive.fr/image.ashx?id=2791704&use=l&cat=p&typeid=i","cat":314037},{"id":800,"n":"Mozzarella Les Croisés - 125g","p":0.93,"u":"7,44 €/KG","img":"https://fd8-photos.leclercdrive.fr/image.ashx?id=2122682&use=l&cat=p&typeid=i","cat":314026},{"id":806,"n":"Emmental fromage rapé Les Croisés - 500g","p":3.99,"u":"7,98 €/KG","img":"https://fd8-photos.leclercdrive.fr/image.ashx?id=2791698&use=l&cat=p&typeid=i","cat":314035},{"id":807,"n":"Emmental fromage rapé Les Croisés - 200g","p":1.65,"u":"8,25 €/KG","img":"https://fd8-photos.leclercdrive.fr/image.ashx?id=2791230&use=l&cat=p&typeid=i","cat":314035},{"id":808,"n":"Emmental fromage rapé Les Croisés - 100g","p":1.1,"u":"11,00 €/KG","img":"https://fd8-photos.leclercdrive.fr/image.ashx?id=2893283&use=l&cat=p&typeid=i","cat":314035},{"id":809,"n":"Râpé Parmigiano Reggiano AOP Les Croisés - 60g","p":1.1,"u":"18,33 €/KG","img":"https://fd8-photos.leclercdrive.fr/image.ashx?id=2903944&use=l&cat=p&typeid=i","cat":314035},{"id":810,"n":"Râpé Grana Padano AOP Les Croisés - 100g","p":1.5,"u":"15,00 €/KG","img":"https://fd8-photos.leclercdrive.fr/image.ashx?id=2903935&use=l&cat=p&typeid=i","cat":314035},{"id":816,"n":"Yaourts Délisse Nature - 16x125g","p":2.25,"u":"1,13 €/KG","img":"https://fd8-photos.leclercdrive.fr/image.ashx?id=2974756&use=l&cat=p&typeid=i","cat":284409},{"id":818,"n":"Yaourts brassés Délisse  Nature - 8x125g","p":1.65,"u":"1,65 €/KG","img":"https://fd8-photos.leclercdrive.fr/image.ashx?id=2742611&use=l&cat=p&typeid=i","cat":284409},{"id":819,"n":"Yaourts brassés Délisse Nature - 16x125g","p":2.99,"u":"1,50 €/KG","img":"https://fd8-photos.leclercdrive.fr/image.ashx?id=3003049&use=l&cat=p&typeid=i","cat":284409},{"id":821,"n":"Yaourts sucrés Délisse Nature - 16x125g","p":2.69,"u":"1,35 €/KG","img":"https://fd8-photos.leclercdrive.fr/image.ashx?id=2591485&use=l&cat=p&typeid=i","cat":284409},{"id":822,"n":"Yaourts à la Grecque Délisse Nature - 4x150g","p":1.29,"u":"2,15 €/KG","img":"https://fd8-photos.leclercdrive.fr/image.ashx?id=2699405&use=l&cat=p&typeid=i","cat":314999},{"id":834,"n":"Yaourts La Laitière Fruits pâtissiers - 12x125g","p":4.89,"u":"3,26 €/KG","img":"https://fd8-photos.leclercdrive.fr/image.ashx?id=2578684&use=l&cat=p&typeid=i","cat":314999},{"id":839,"n":"Yaourts crémeux Délisse Panaché de fruits - 16x125g","p":4.32,"u":"2,16 €/KG","img":"https://fd8-photos.leclercdrive.fr/image.ashx?id=2799236&use=l&cat=p&typeid=i","cat":284410},{"id":841,"n":"Yaourts brassés Délisse Panaché de fruits - 16x125g","p":3.26,"u":"1,63 €/KG","img":"https://fd8-photos.leclercdrive.fr/image.ashx?id=2494211&use=l&cat=p&typeid=i","cat":284410},{"id":842,"n":"Yaourts aux fruits Délisse Panaché de fruits - 16x125g","p":3.78,"u":"1,89 €/KG","img":"https://fd8-photos.leclercdrive.fr/image.ashx?id=2609544&use=l&cat=p&typeid=i","cat":284410},{"id":843,"n":"Yaourts Crème Délisse Stracciatella - 4x125g","p":2.04,"u":"4,08 €/KG","img":"https://fd8-photos.leclercdrive.fr/image.ashx?id=2117120&use=l&cat=p&typeid=i","cat":314999},{"id":855,"n":"Yaourts brassés Déli'light  Nature - 0% MG - 8x125g","p":2.13,"u":"2,13 €/KG","img":"https://fd8-photos.leclercdrive.fr/image.ashx?id=2865041&use=l&cat=p&typeid=i","cat":315000},{"id":856,"n":"Yaourts Fruits 0% Déli'light Fruits panachés - 16x125g","p":3.82,"u":"1,91 €/KG","img":"https://fd8-photos.leclercdrive.fr/image.ashx?id=2979337&use=l&cat=p&typeid=i","cat":315000},{"id":871,"n":"Yaourts à boire DéliUp' Délisse Nature - 10x100g","p":2.85,"u":"2,85 €/KG","img":"https://fd8-photos.leclercdrive.fr/image.ashx?id=1713612&use=l&cat=p&typeid=i","cat":284415},{"id":872,"n":"Actifidus Delisse Nature - 12x125g","p":2.23,"u":"1,49 €/KG","img":"https://fd8-photos.leclercdrive.fr/image.ashx?id=2452666&use=l&cat=p&typeid=i","cat":315000},{"id":887,"n":"Fromage frais Délisse Fruits panachés 22%mg - 12x50g","p":1.51,"u":"2,52 €/KG","img":"https://fd8-photos.leclercdrive.fr/image.ashx?id=2922491&use=l&cat=p&typeid=i","cat":284414},{"id":890,"n":"Fromage frais Délisse Nature 3,8% MG - 12x60g","p":1.64,"u":"2,28 €/KG","img":"https://fd8-photos.leclercdrive.fr/image.ashx?id=799431&use=l&cat=p&typeid=i","cat":284409},{"id":892,"n":"Fromage frais Duodélisse Nature - 8x100g","p":2.79,"u":"3,49 €/KG","img":"https://fd8-photos.leclercdrive.fr/image.ashx?id=2387316&use=l&cat=p&typeid=i","cat":284409},{"id":894,"n":"Fromage blanc Délisse Nature 0% MG - 8x100g","p":1.79,"u":"2,24 €/KG","img":"https://fd8-photos.leclercdrive.fr/image.ashx?id=2898817&use=l&cat=p&typeid=i","cat":315000},{"id":895,"n":"Fromage blanc Délisse Nature - 3,1% MG - 8x100g","p":1.79,"u":"2,24 €/KG","img":"https://fd8-photos.leclercdrive.fr/image.ashx?id=3012791&use=l&cat=p&typeid=i","cat":284409},{"id":897,"n":"Fromage blanc Délisse Nature 3.1% MG - 1kg","p":1.97,"u":"1,97 €/KG","img":"https://fd8-photos.leclercdrive.fr/image.ashx?id=3012788&use=l&cat=p&typeid=i","cat":284409},{"id":899,"n":"Dessert Enfant Petits Filous Chocolat - 6x100g","p":2.08,"u":"3,47 €/KG","img":"https://fd8-photos.leclercdrive.fr/image.ashx?id=2878828&use=l&cat=p&typeid=i","cat":284414},{"id":918,"n":"Crème dessert Délisse Café - 4x125g","p":0.89,"u":"1,78 €/KG","img":"https://fd8-photos.leclercdrive.fr/image.ashx?id=2441048&use=l&cat=p&typeid=i","cat":285041},{"id":919,"n":"Crème dessert Délisse Caramel - 4x125g","p":0.91,"u":"1,82 €/KG","img":"https://fd8-photos.leclercdrive.fr/image.ashx?id=2854204&use=l&cat=p&typeid=i","cat":285041},{"id":920,"n":"Crème dessert Délisse Chocolat - 4x125g","p":0.95,"u":"1,90 €/KG","img":"https://fd8-photos.leclercdrive.fr/image.ashx?id=2854207&use=l&cat=p&typeid=i","cat":285041},{"id":921,"n":"Crème dessert Délisse Vanille - 4x125g","p":0.89,"u":"1,78 €/KG","img":"https://fd8-photos.leclercdrive.fr/image.ashx?id=2854210&use=l&cat=p&typeid=i","cat":285041},{"id":922,"n":"Crème dessert Délisse Praliné - 4x125g","p":0.95,"u":"1,90 €/KG","img":"https://fd8-photos.leclercdrive.fr/image.ashx?id=2441066&use=l&cat=p&typeid=i","cat":285041},{"id":923,"n":"Crème dessert Délisse Panaché - 12x125g","p":2.83,"u":"1,89 €/KG","img":"https://fd8-photos.leclercdrive.fr/image.ashx?id=2465211&use=l&cat=p&typeid=i","cat":285041},{"id":924,"n":"Petit pot de crème Délisse Chocolat - 4x100g","p":1.88,"u":"4,70 €/KG","img":"https://fd8-photos.leclercdrive.fr/image.ashx?id=2544967&use=l&cat=p&typeid=i","cat":285041},{"id":925,"n":"Petit pot de crème Délisse Vanille - 4x100g","p":1.74,"u":"4,35 €/KG","img":"https://fd8-photos.leclercdrive.fr/image.ashx?id=2556508&use=l&cat=p&typeid=i","cat":285041},{"id":927,"n":"Petit pot de crème Délisse Caramel - 4x100g","p":1.85,"u":"4,63 €/KG","img":"https://fd8-photos.leclercdrive.fr/image.ashx?id=2556511&use=l&cat=p&typeid=i","cat":285041},{"id":931,"n":"Dessert Liégeois Délisse Café - 4x100g","p":0.99,"u":"2,48 €/KG","img":"https://fd8-photos.leclercdrive.fr/image.ashx?id=1703224&use=l&cat=p&typeid=i","cat":285042},{"id":932,"n":"Dessert Liégeois Délisse Chocolat - 4x100g","p":1.1,"u":"2,75 €/KG","img":"https://fd8-photos.leclercdrive.fr/image.ashx?id=1868860&use=l&cat=p&typeid=i","cat":285042},{"id":933,"n":"Dessert Liégeois Délisse Chocolat Café - 8x100g","p":2.19,"u":"2,74 €/KG","img":"https://fd8-photos.leclercdrive.fr/image.ashx?id=1703227&use=l&cat=p&typeid=i","cat":285042},{"id":934,"n":"Dessert Liégeois Délisse Chocolat - 12x100g","p":3.14,"u":"2,62 €/KG","img":"https://fd8-photos.leclercdrive.fr/image.ashx?id=1868857&use=l&cat=p&typeid=i","cat":285042},{"id":935,"n":"Dessert Liégeois Délisse Vanille Caramel - 8x100g","p":1.98,"u":"2,48 €/KG","img":"https://fd8-photos.leclercdrive.fr/image.ashx?id=1713618&use=l&cat=p&typeid=i","cat":285042},{"id":936,"n":"Riz au lait Délisse  Vanille - 4x115g","p":1.35,"u":"2,93 €/KG","img":"https://fd8-photos.leclercdrive.fr/image.ashx?id=2489107&use=l&cat=p&typeid=i","cat":284418},{"id":937,"n":"Riz au lait Délisse Rhum Raisin - 4x115g","p":1.69,"u":"3,67 €/KG","img":"https://fd8-photos.leclercdrive.fr/image.ashx?id=2595089&use=l&cat=p&typeid=i","cat":284418},{"id":941,"n":"Mousse liégeoise Viennois  Chocolat - 8x90g","p":3.39,"u":"4,71 €/KG","img":"https://fd8-photos.leclercdrive.fr/image.ashx?id=2855043&use=l&cat=p&typeid=i","cat":284417},{"id":942,"n":"Mousse à la liégeoise Délisse Vanille - 8x80g","p":2.62,"u":"4,09 €/KG","img":"https://fd8-photos.leclercdrive.fr/image.ashx?id=3009487&use=l&cat=p&typeid=i","cat":284417},{"id":944,"n":"Mousse au chocolat Délisse Chocolat au lait - 4x60g","p":1.15,"u":"4,79 €/KG","img":"https://fd8-photos.leclercdrive.fr/image.ashx?id=3009496&use=l&cat=p&typeid=i","cat":284417},{"id":945,"n":"Mousse chocolat Délisse Noir et lait coulis - 8x60g","p":2.25,"u":"4,69 €/KG","img":"https://fd8-photos.leclercdrive.fr/image.ashx?id=3009499&use=l&cat=p&typeid=i","cat":284417},{"id":946,"n":"Mousse Délisse Café - 4x60g","p":1.45,"u":"6,04 €/KG","img":"https://fd8-photos.leclercdrive.fr/image.ashx?id=3009505&use=l&cat=p&typeid=i","cat":284417},{"id":947,"n":"Crème de marron Délisse 4x11,5cl","p":1.55,"u":"3,37 €/L","img":"https://fd8-photos.leclercdrive.fr/image.ashx?id=3009508&use=l&cat=p&typeid=i","cat":284417},{"id":955,"n":"Ile flottante Délisse Crème anglaise - 4x100g","p":1.89,"u":"4,73 €/KG","img":"https://fd8-photos.leclercdrive.fr/image.ashx?id=2860706&use=l&cat=p&typeid=i","cat":284419},{"id":956,"n":"Baba au rhum Délisse 2x150g","p":1.49,"u":"4,97 €/KG","img":"https://fd8-photos.leclercdrive.fr/image.ashx?id=1871461&use=l&cat=p&typeid=i","cat":284419},{"id":959,"n":"Flan Délisse Vanille Caramel - 4x100g","p":0.79,"u":"1,98 €/KG","img":"https://fd8-photos.leclercdrive.fr/image.ashx?id=2851640&use=l&cat=p&typeid=i","cat":284420},{"id":960,"n":"Flan Délisse Vanille Caramel - 16x100g","p":2.52,"u":"1,58 €/KG","img":"https://fd8-photos.leclercdrive.fr/image.ashx?id=2858977&use=l&cat=p&typeid=i","cat":284420},{"id":964,"n":"Lait demi-écrémé Délisse UHT Bouteille -  1L","p":1.05,"u":"1,05 €/L","img":"https://fd8-photos.leclercdrive.fr/image.ashx?id=2981831&use=l&cat=p&typeid=i","cat":284377},{"id":965,"n":"Lait demi-écrémé Délisse UHT Bouteille -  50cl","p":0.79,"u":"1,58 €/L","img":"https://fd8-photos.leclercdrive.fr/image.ashx?id=2981858&use=l&cat=p&typeid=i","cat":284377},{"id":973,"n":"Lait chèvre demi-écrémé Lactel UHT Bouteille - 1L","p":1.99,"u":"1,99 €/L","img":"https://fd8-photos.leclercdrive.fr/image.ashx?id=3005035&use=l&cat=p&typeid=i","cat":295251},{"id":981,"n":"Beurre Montfleuri Doux - 60% MG - 250g","p":1.99,"u":"7,96 €/KG","img":"https://fd8-photos.leclercdrive.fr/image.ashx?id=2988569&use=l&cat=p&typeid=i","cat":284379},{"id":983,"n":"Beurre Tendre Les Croisés Doux - 82% MG - 250g","p":2.59,"u":"10,36 €/KG","img":"https://fd8-photos.leclercdrive.fr/image.ashx?id=2778015&use=l&cat=p&typeid=i","cat":284379},{"id":984,"n":"Beurre Extra fin Les Croisés Doux - 82% MG - 250g","p":2.95,"u":"11,80 €/KG","img":"https://fd8-photos.leclercdrive.fr/image.ashx?id=2839873&use=l&cat=p&typeid=i","cat":284379},{"id":985,"n":"Beurre de Bretagne Les Croisés Doux - 82% MG - 500g","p":4.89,"u":"9,78 €/KG","img":"https://fd8-photos.leclercdrive.fr/image.ashx?id=2943605&use=l&cat=p&typeid=i","cat":284379},{"id":988,"n":"Beurre Les Croisés 80% MG  Demi-sel Extra fin - 250g","p":2.39,"u":"9,56 €/KG","img":"https://fd8-photos.leclercdrive.fr/image.ashx?id=2485062&use=l&cat=p&typeid=i","cat":284379},{"id":989,"n":"Beurre Tendre Les Croisés Demi-sel - 80% MG - 250g","p":2.62,"u":"10,48 €/KG","img":"https://fd8-photos.leclercdrive.fr/image.ashx?id=2778000&use=l&cat=p&typeid=i","cat":284379},{"id":990,"n":"Beurre Tendre Les Croisés Doux - 82% MG - 250g","p":2.29,"u":"9,16 €/KG","img":"https://fd8-photos.leclercdrive.fr/image.ashx?id=2839887&use=l&cat=p&typeid=i","cat":284379},{"id":991,"n":"Beurre de Bretagne Les Croisés Demi-sel - 80% MG - 500g","p":4.89,"u":"9,78 €/KG","img":"https://fd8-photos.leclercdrive.fr/image.ashx?id=2943602&use=l&cat=p&typeid=i","cat":284379},{"id":1003,"n":"Crème UHT Elle & Vire Fluide Entière - 30% MG - 1L","p":5.25,"u":"5,25 €/L","img":"https://fd8-photos.leclercdrive.fr/image.ashx?id=3008554&use=l&cat=p&typeid=i","cat":284381},{"id":1005,"n":"Crème Chantilly sucrée Délisse Entière sous pression - 250g","p":1.95,"u":"7,80 €/KG","img":"https://fd8-photos.leclercdrive.fr/image.ashx?id=3002512&use=l&cat=p&typeid=i","cat":284382},{"id":1006,"n":"Crème Chantilly sucrée Délisse Allégée sous pression - 250g","p":1.85,"u":"7,40 €/KG","img":"https://fd8-photos.leclercdrive.fr/image.ashx?id=3002515&use=l&cat=p&typeid=i","cat":284382},{"id":1008,"n":"Crème entière fluide Délisse 30%mg - 3x20cl","p":2.65,"u":"4,42 €/L","img":"https://fd8-photos.leclercdrive.fr/image.ashx?id=2509977&use=l&cat=p&typeid=i","cat":284381},{"id":1009,"n":"Crème légère semi-épaisse   Délisse 18%mg - 3x20cl","p":2.09,"u":"3,48 €/L","img":"https://fd8-photos.leclercdrive.fr/image.ashx?id=3002554&use=l&cat=p&typeid=i","cat":284381},{"id":1010,"n":"Crème entière d'Isigny AOP NRT 40cl","p":2.99,"u":"7,48 €/L","img":"https://fd8-photos.leclercdrive.fr/image.ashx?id=2255331&use=l&cat=p&typeid=i","cat":284381},{"id":1011,"n":"Crème fraîche légère Délisse Epaisse - 15% MG - 20cl","p":0.7,"u":"3,50 €/L","img":"https://fd8-photos.leclercdrive.fr/image.ashx?id=832927&use=l&cat=p&typeid=i","cat":284381},{"id":1012,"n":"Crème fraîche légère Délisse Epaisse - 15% MG  - 50cl","p":1.55,"u":"3,10 €/L","img":"https://fd8-photos.leclercdrive.fr/image.ashx?id=3002539&use=l&cat=p&typeid=i","cat":284381},{"id":1013,"n":"Crème fraîche entière Délisse Epaisse - 30% MG - 20cl","p":0.84,"u":"4,20 €/L","img":"https://fd8-photos.leclercdrive.fr/image.ashx?id=832931&use=l&cat=p&typeid=i","cat":284381},{"id":1014,"n":"Crème fraîche entière Délisse Epaisse - 30% MG- 50cl","p":1.95,"u":"3,90 €/L","img":"https://fd8-photos.leclercdrive.fr/image.ashx?id=3002524&use=l&cat=p&typeid=i","cat":284381},{"id":1018,"n":"Proscuitto di parma San bruno 6 tranches - 80g","p":2.89,"u":"36,13 €/KG","img":"https://fd8-photos.leclercdrive.fr/image.ashx?id=2711601&use=l&cat=p&typeid=i","cat":316007},{"id":1019,"n":"Jambon Italien Saint Azay x6 - 100g","p":1.75,"u":"17,50 €/KG","img":"https://fd8-photos.leclercdrive.fr/image.ashx?id=2466871&use=l&cat=p&typeid=i","cat":316007},{"id":1021,"n":"Rosette de lyon Saint Azay 10 tranches - 100g","p":2.99,"u":"29,90 €/KG","img":"https://fd8-photos.leclercdrive.fr/image.ashx?id=2114415&use=l&cat=p&typeid=i","cat":316007},{"id":1022,"n":"Bacon Saint Azay x15 - 150g","p":1.79,"u":"11,93 €/KG","img":"https://fd8-photos.leclercdrive.fr/image.ashx?id=2974957&use=l&cat=p&typeid=i","cat":316007},{"id":1027,"n":"Plateau charcuteries Alsace NRT 200g","p":2.04,"u":"10,20 €/KG","img":"https://fd8-photos.leclercdrive.fr/image.ashx?id=2991479&use=l&cat=p&typeid=i","cat":316012},{"id":1032,"n":"Saucisse sèche Saint Azay Qualité supérieure - 300g","p":3.46,"u":"11,53 €/KG","img":"https://fd8-photos.leclercdrive.fr/image.ashx?id=2283978&use=l&cat=p&typeid=i","cat":316006},{"id":1033,"n":"Chorizo Doux Saint Azay 225g","p":1.89,"u":"8,40 €/KG","img":"https://fd8-photos.leclercdrive.fr/image.ashx?id=2293375&use=l&cat=p&typeid=i","cat":316006},{"id":1034,"n":"Chorizo Fort Saint Azay 225g","p":1.89,"u":"8,40 €/KG","img":"https://fd8-photos.leclercdrive.fr/image.ashx?id=2293378&use=l&cat=p&typeid=i","cat":316006},{"id":1035,"n":"Chorizo Extra Fort Saint Azay 225g","p":1.89,"u":"8,40 €/KG","img":"https://fd8-photos.leclercdrive.fr/image.ashx?id=2753466&use=l&cat=p&typeid=i","cat":316006},{"id":1039,"n":"Jambon Tranché Fin FleuryMichon à l'italienne x4 - 120g","p":2.89,"u":"24,08 €/KG","img":"https://fd8-photos.leclercdrive.fr/image.ashx?id=2889304&use=l&cat=p&typeid=i","cat":316009},{"id":1058,"n":"Jambon serrano IGP Saint Azay 6 tranches - 100g","p":1.69,"u":"16,90 €/KG","img":"https://fd8-photos.leclercdrive.fr/image.ashx?id=2850422&use=l&cat=p&typeid=i","cat":316007},{"id":1069,"n":"Saucisses de Montbéliard IGP NRT - 250g","p":3.19,"u":"12,76 €/KG","img":"https://fd8-photos.leclercdrive.fr/image.ashx?id=2991470&use=l&cat=p&typeid=i","cat":316012},{"id":1070,"n":"Saucisse de Morteau NRT IGP - 350g","p":5.41,"u":"15,46 €/KG","img":"https://fd8-photos.leclercdrive.fr/image.ashx?id=2991464&use=l&cat=p&typeid=i","cat":316012},{"id":1071,"n":"Coppa italienne Saint Azay 10 tranches 100 g","p":1.98,"u":"19,80 €/KG","img":"https://fd8-photos.leclercdrive.fr/image.ashx?id=2665844&use=l&cat=p&typeid=i","cat":316007},{"id":1081,"n":"Véritables Knacks d'Alsace NRT X4 - 260g","p":2.79,"u":"10,73 €/KG","img":"https://fd8-photos.leclercdrive.fr/image.ashx?id=2991488&use=l&cat=p&typeid=i","cat":316012},{"id":1087,"n":"Pâté en croûte St Azay 450g","p":2.65,"u":"5,89 €/KG","img":"https://fd8-photos.leclercdrive.fr/image.ashx?id=2932396&use=l&cat=p&typeid=i","cat":316003},{"id":1105,"n":"Carottes râpées Menu Fraîcheur  Assaisonnées - 500g","p":0.99,"u":"1,98 €/KG","img":"https://fd8-photos.leclercdrive.fr/image.ashx?id=2552406&use=l&cat=p&typeid=i","cat":333657},{"id":1106,"n":"Céleri Menu Fraîcheur  Rémoulade - 300g","p":0.99,"u":"3,30 €/KG","img":"https://fd8-photos.leclercdrive.fr/image.ashx?id=2819929&use=l&cat=p&typeid=i","cat":333657},{"id":1107,"n":"Taboulé Menu Fraîcheur A l'orientale - 300g","p":0.99,"u":"3,30 €/KG","img":"https://fd8-photos.leclercdrive.fr/image.ashx?id=2816546&use=l&cat=p&typeid=i","cat":333657},{"id":1108,"n":"Taboulé Menu Fraîcheur A l'orientale - 500g","p":1.39,"u":"2,78 €/KG","img":"https://fd8-photos.leclercdrive.fr/image.ashx?id=2816549&use=l&cat=p&typeid=i","cat":333657},{"id":1109,"n":"Taboule Menu Fraîcheur Au poulet - 300g","p":1.39,"u":"4,63 €/KG","img":"https://fd8-photos.leclercdrive.fr/image.ashx?id=2901431&use=l&cat=p&typeid=i","cat":333657},{"id":1110,"n":"Riz cantonais Tables du Monde 400g","p":3.06,"u":"7,65 €/KG","img":"https://fd8-photos.leclercdrive.fr/image.ashx?id=2846553&use=l&cat=p&typeid=i","cat":333665},{"id":1118,"n":"Manchons de poulet Côté Croc Méxicaine - 250g","p":2.49,"u":"9,96 €/KG","img":"https://fd8-photos.leclercdrive.fr/image.ashx?id=2570031&use=l&cat=p&typeid=i","cat":333685},{"id":1119,"n":"Sandwich Côté Snack Rosette - 125g","p":0.99,"u":"7,92 €/KG","img":"https://fd8-photos.leclercdrive.fr/image.ashx?id=2794829&use=l&cat=p&typeid=i","cat":333658},{"id":1120,"n":"Sandwich Côté Snack Jambon beurre - 125g","p":0.99,"u":"7,92 €/KG","img":"https://fd8-photos.leclercdrive.fr/image.ashx?id=2619707&use=l&cat=p&typeid=i","cat":333658},{"id":1123,"n":"Sandwich Côté Snack Thon crudités - 145g","p":1.19,"u":"8,21 €/KG","img":"https://fd8-photos.leclercdrive.fr/image.ashx?id=2604969&use=l&cat=p&typeid=i","cat":333658},{"id":1125,"n":"Cordons bleus Côté Croc Dinde - 200g","p":1.95,"u":"9,75 €/KG","img":"https://fd8-photos.leclercdrive.fr/image.ashx?id=2915113&use=l&cat=p&typeid=i","cat":333683},{"id":1127,"n":"Croque Fromage Père Dodu  x2 - 200g","p":1.97,"u":"9,85 €/KG","img":"https://fd8-photos.leclercdrive.fr/image.ashx?id=2956981&use=l&cat=p&typeid=i","cat":333683},{"id":1131,"n":"Escalope Bolognaise Père Dodu  Poulet x2 - 200g","p":2.77,"u":"13,85 €/KG","img":"https://fd8-photos.leclercdrive.fr/image.ashx?id=2956978&use=l&cat=p&typeid=i","cat":333683},{"id":1133,"n":"Nuggets de Poulet Père Dodu  x10 - 200g","p":1.95,"u":"9,75 €/KG","img":"https://fd8-photos.leclercdrive.fr/image.ashx?id=2956972&use=l&cat=p&typeid=i","cat":333684},{"id":1134,"n":"Nuggets de Fromage Père Dodu  x10 - 180g","p":2.35,"u":"13,06 €/KG","img":"https://fd8-photos.leclercdrive.fr/image.ashx?id=2956990&use=l&cat=p&typeid=i","cat":333684},{"id":1135,"n":"Pizza fraîche Turini Jambon fromage - 450g","p":2.39,"u":"5,31 €/KG","img":"https://fd8-photos.leclercdrive.fr/image.ashx?id=2709719&use=l&cat=p&typeid=i","cat":333679},{"id":1136,"n":"Pizza fraîche Turini 4 fromages - 450g","p":2.49,"u":"5,53 €/KG","img":"https://fd8-photos.leclercdrive.fr/image.ashx?id=2967639&use=l&cat=p&typeid=i","cat":333679},{"id":1137,"n":"Pizza Turini Chèvre lardons - 450g","p":2.58,"u":"5,73 €/KG","img":"https://fd8-photos.leclercdrive.fr/image.ashx?id=2727611&use=l&cat=p&typeid=i","cat":333679},{"id":1142,"n":"Ravioli Lustucru Selection  Boeuf - 300g","p":1.99,"u":"6,63 €/KG","img":"https://fd8-photos.leclercdrive.fr/image.ashx?id=2938659&use=l&cat=p&typeid=i","cat":333682},{"id":1144,"n":"Ravioli jambon Turini 300g","p":2.06,"u":"6,87 €/KG","img":"https://fd8-photos.leclercdrive.fr/image.ashx?id=2777997&use=l&cat=p&typeid=i","cat":333682},{"id":1145,"n":"Ravioli 4 fromages Turini 300g","p":1.49,"u":"4,97 €/KG","img":"https://fd8-photos.leclercdrive.fr/image.ashx?id=813114&use=l&cat=p&typeid=i","cat":333682},{"id":1147,"n":"Kit Pâte à pizza Croustipate 600g","p":3.39,"u":"5,65 €/KG","img":"https://fd8-photos.leclercdrive.fr/image.ashx?id=2161651&use=l&cat=p&typeid=i","cat":333681},{"id":1149,"n":"Pâte à pizza Tablier Blanc 260g","p":1.05,"u":"4,04 €/KG","img":"https://fd8-photos.leclercdrive.fr/image.ashx?id=2041773&use=l&cat=p&typeid=i","cat":333681},{"id":1150,"n":"Pâte sablée Tablier Blanc 230g","p":1.09,"u":"4,74 €/KG","img":"https://fd8-photos.leclercdrive.fr/image.ashx?id=2635898&use=l&cat=p&typeid=i","cat":333681},{"id":1151,"n":"Pâte feuilletée Tablier Blanc Au beurre - 230g","p":1.15,"u":"5,00 €/KG","img":"https://fd8-photos.leclercdrive.fr/image.ashx?id=2635895&use=l&cat=p&typeid=i","cat":333681},{"id":1152,"n":"Pâte feuilletée Tablier Blanc Prête à dérouler - 230g","p":0.74,"u":"3,22 €/KG","img":"https://fd8-photos.leclercdrive.fr/image.ashx?id=2635889&use=l&cat=p&typeid=i","cat":333681},{"id":1154,"n":"Lardons de saumon fumé Ronde des Mers - 90g","p":3.6,"u":"40,00 €/KG","img":"https://fd8-photos.leclercdrive.fr/image.ashx?id=2449975&use=l&cat=p&typeid=i","cat":285188},{"id":1163,"n":"Mini blinis Ronde des Mers x16 - 135g","p":0.99,"u":"7,33 €/KG","img":"https://fd8-photos.leclercdrive.fr/image.ashx?id=2981849&use=l&cat=p&typeid=i","cat":285191},{"id":1164,"n":"Bâtonnets surimi Pêche Océan MSC - 400g","p":2.19,"u":"5,48 €/KG","img":"https://fd8-photos.leclercdrive.fr/image.ashx?id=2981840&use=l&cat=p&typeid=i","cat":285189},{"id":1165,"n":"Bâtonnets Surimi Pêche Océan MSC - x30 - 500g","p":2.74,"u":"5,48 €/KG","img":"https://fd8-photos.leclercdrive.fr/image.ashx?id=2981864&use=l&cat=p&typeid=i","cat":285189},{"id":1166,"n":"Miettes de surimi Pêche Océan MSC - 180g","p":1.64,"u":"9,11 €/KG","img":"https://fd8-photos.leclercdrive.fr/image.ashx?id=2981861&use=l&cat=p&typeid=i","cat":285189},{"id":1167,"n":"Oeufs de lompe Ronde des mers Noir - MSC - 100g","p":2.6,"u":"26,00 €/KG","img":"https://fd8-photos.leclercdrive.fr/image.ashx?id=1511089&use=l&cat=p&typeid=i","cat":285191},{"id":1178,"n":"Pizza Cuite sur pierre Volpone  Bolognaise - 400g","p":2.0,"u":"5,00 €/KG","img":"https://fd8-photos.leclercdrive.fr/image.ashx?id=2815208&use=l&cat=p&typeid=i","cat":284256},{"id":1179,"n":"Pizza Royale Turini Cuite au feu de bois - 440g","p":2.15,"u":"4,89 €/KG","img":"https://fd8-photos.leclercdrive.fr/image.ashx?id=2815199&use=l&cat=p&typeid=i","cat":284256},{"id":1180,"n":"Quiche Lorraine Côté Table 400g","p":2.49,"u":"6,23 €/KG","img":"https://fd8-photos.leclercdrive.fr/image.ashx?id=2869778&use=l&cat=p&typeid=i","cat":284257},{"id":1181,"n":"Tarte aux poireaux Côté Table - 400g","p":2.55,"u":"6,38 €/KG","img":"https://fd8-photos.leclercdrive.fr/image.ashx?id=2791710&use=l&cat=p&typeid=i","cat":284257},{"id":1182,"n":"Crêpes Côté Table Jambon fromage x6 - 300g","p":1.99,"u":"6,63 €/KG","img":"https://fd8-photos.leclercdrive.fr/image.ashx?id=2932402&use=l&cat=p&typeid=i","cat":319776},{"id":1183,"n":"Crêpes Côté Table Jambon fromage x20 1kg","p":3.89,"u":"3,89 €/KG","img":"https://fd8-photos.leclercdrive.fr/image.ashx?id=2932405&use=l&cat=p&typeid=i","cat":319776},{"id":1185,"n":"Steaks hachés Charal Pur Bœuf 15% MG 10x100g - 1kg","p":15.31,"u":"15,31 €/KG","img":"https://fd8-photos.leclercdrive.fr/image.ashx?id=2659300&use=l&cat=p&typeid=i","cat":319778},{"id":1186,"n":"Haché Extra Moelleux Charal 10x100g - 1kg","p":12.84,"u":"12,84 €/KG","img":"https://fd8-photos.leclercdrive.fr/image.ashx?id=2731735&use=l&cat=p&typeid=i","cat":319778},{"id":1187,"n":"Haché à l'oignon Charal 10x100g - 1kg","p":9.48,"u":"9,48 €/KG","img":"https://fd8-photos.leclercdrive.fr/image.ashx?id=2741940&use=l&cat=p&typeid=i","cat":319778},{"id":1191,"n":"Poisson Bordelaise Pêche Océan MSC - 400g","p":2.99,"u":"7,48 €/KG","img":"https://fd8-photos.leclercdrive.fr/image.ashx?id=2930081&use=l&cat=p&typeid=i","cat":319788},{"id":1192,"n":"Colin d'Alaska MSC Pêche Océan À l'oseille x2 - 400g","p":3.15,"u":"7,88 €/KG","img":"https://fd8-photos.leclercdrive.fr/image.ashx?id=2930099&use=l&cat=p&typeid=i","cat":319786},{"id":1193,"n":"Pané colin d'Alaska Pêche Océan x15 bâtonnets - MSC - 450g","p":2.27,"u":"5,04 €/KG","img":"https://fd8-photos.leclercdrive.fr/image.ashx?id=1682702&use=l&cat=p&typeid=i","cat":319788},{"id":1194,"n":"Calamars Pêche Océan A la romaine 40/60 - 500g","p":4.45,"u":"8,90 €/KG","img":"https://fd8-photos.leclercdrive.fr/image.ashx?id=625137&use=l&cat=p&typeid=i","cat":319788},{"id":1196,"n":"Coquilles Saint-Jacques Coté Table - 4x90g","p":4.79,"u":"13,31 €/KG","img":"https://fd8-photos.leclercdrive.fr/image.ashx?id=2625071&use=l&cat=p&typeid=i","cat":319775},{"id":1197,"n":"Paëlla royale Côté Table Fruits de mer poulet 1kg","p":4.07,"u":"4,07 €/KG","img":"https://fd8-photos.leclercdrive.fr/image.ashx?id=2663353&use=l&cat=p&typeid=i","cat":284254},{"id":1200,"n":"Poêlée paysanne Côté Table 900g","p":4.3,"u":"4,78 €/KG","img":"https://fd8-photos.leclercdrive.fr/image.ashx?id=2471670&use=l&cat=p&typeid=i","cat":319823},{"id":1202,"n":"Pâtes Carbonara Côté Table 900g","p":4.18,"u":"4,64 €/KG","img":"https://fd8-photos.leclercdrive.fr/image.ashx?id=2900064&use=l&cat=p&typeid=i","cat":284254},{"id":1211,"n":"Choux fleurs Notre Jardin Fleurettes 1kg","p":1.69,"u":"1,69 €/KG","img":"https://fd8-photos.leclercdrive.fr/image.ashx?id=2873024&use=l&cat=p&typeid=i","cat":319805},{"id":1212,"n":"Choux de Bruxelles Notre Jardin 1kg","p":1.95,"u":"1,95 €/KG","img":"https://fd8-photos.leclercdrive.fr/image.ashx?id=2873012&use=l&cat=p&typeid=i","cat":319805},{"id":1214,"n":"Haricots verts Notre jardin Très fins 1kg","p":1.82,"u":"1,82 €/KG","img":"https://fd8-photos.leclercdrive.fr/image.ashx?id=2900043&use=l&cat=p&typeid=i","cat":319805},{"id":1215,"n":"Haricots verts Notre Jardin Extra fins 1kg","p":1.85,"u":"1,85 €/KG","img":"https://fd8-photos.leclercdrive.fr/image.ashx?id=2873048&use=l&cat=p&typeid=i","cat":319805},{"id":1216,"n":"Courgettes Notre Jardin Rondelles 1kg","p":1.29,"u":"1,29 €/KG","img":"https://fd8-photos.leclercdrive.fr/image.ashx?id=2873096&use=l&cat=p&typeid=i","cat":319805},{"id":1217,"n":"Epinards Notre Jardin Branches - 1kg","p":1.3,"u":"1,30 €/KG","img":"https://fd8-photos.leclercdrive.fr/image.ashx?id=2873069&use=l&cat=p&typeid=i","cat":319805},{"id":1218,"n":"Epinards Notre Jardin Hâchés - 1kg","p":1.34,"u":"1,34 €/KG","img":"https://fd8-photos.leclercdrive.fr/image.ashx?id=2900037&use=l&cat=p&typeid=i","cat":319805},{"id":1219,"n":"Epinards Notre Jardin Hachés A la crème fraîche - 1kg","p":1.67,"u":"1,67 €/KG","img":"https://fd8-photos.leclercdrive.fr/image.ashx?id=2916656&use=l&cat=p&typeid=i","cat":319805},{"id":1220,"n":"Carottes Notre Jardin En rondelles 1kg","p":1.09,"u":"1,09 €/KG","img":"https://fd8-photos.leclercdrive.fr/image.ashx?id=2900070&use=l&cat=p&typeid=i","cat":319805},{"id":1221,"n":"Petits pois carottes Notre Jardin 1kg","p":2.25,"u":"2,25 €/KG","img":"https://fd8-photos.leclercdrive.fr/image.ashx?id=2900052&use=l&cat=p&typeid=i","cat":319805},{"id":1222,"n":"Petits pois Notre Jardin Extra fins 1kg","p":1.89,"u":"1,89 €/KG","img":"https://fd8-photos.leclercdrive.fr/image.ashx?id=2873063&use=l&cat=p&typeid=i","cat":319805},{"id":1223,"n":"Champignons Paris Notre jardin Emincés 1kg","p":1.95,"u":"1,95 €/KG","img":"https://fd8-photos.leclercdrive.fr/image.ashx?id=2873027&use=l&cat=p&typeid=i","cat":319805},{"id":1225,"n":"Légumes Notre Jardin Pour ratatouille 1kg","p":2.35,"u":"2,35 €/KG","img":"https://fd8-photos.leclercdrive.fr/image.ashx?id=2900058&use=l&cat=p&typeid=i","cat":319823},{"id":1226,"n":"Légumes potage Notre Jardin 1kg","p":1.28,"u":"1,28 €/KG","img":"https://fd8-photos.leclercdrive.fr/image.ashx?id=2916647&use=l&cat=p&typeid=i","cat":319805},{"id":1227,"n":"Poêlée de légumes Notre Jardin Méridionale - 1kg","p":2.95,"u":"2,95 €/KG","img":"https://fd8-photos.leclercdrive.fr/image.ashx?id=2803948&use=l&cat=p&typeid=i","cat":319823},{"id":1228,"n":"Poêlée de légumes Notre jardin Champêtre - 1kg","p":2.99,"u":"2,99 €/KG","img":"https://fd8-photos.leclercdrive.fr/image.ashx?id=2832867&use=l&cat=p&typeid=i","cat":319823},{"id":1229,"n":"Poêlée de légumes Notre Jardin Bretonne - 1kg","p":2.61,"u":"2,61 €/KG","img":"https://fd8-photos.leclercdrive.fr/image.ashx?id=2803951&use=l&cat=p&typeid=i","cat":319823},{"id":1238,"n":"Pommes rissolées Pom'lisse 1kg","p":1.56,"u":"1,56 €/KG","img":"https://fd8-photos.leclercdrive.fr/image.ashx?id=2704597&use=l&cat=p&typeid=i","cat":319792},{"id":1239,"n":"Frites allumettes Pom'lisse 1kg","p":1.85,"u":"1,85 €/KG","img":"https://fd8-photos.leclercdrive.fr/image.ashx?id=2699378&use=l&cat=p&typeid=i","cat":319791},{"id":1240,"n":"Frites Pom'lisse 2.5 kg","p":4.55,"u":"1,82 €/KG","img":"https://fd8-photos.leclercdrive.fr/image.ashx?id=2699390&use=l&cat=p&typeid=i","cat":319791},{"id":1242,"n":"Pom'Steak rustique Pom'Lisse Sachet - 1kg","p":2.29,"u":"2,29 €/KG","img":"https://fd8-photos.leclercdrive.fr/image.ashx?id=2704606&use=l&cat=p&typeid=i","cat":319791},{"id":1243,"n":"Frites Pom'lisse Au four - 600g","p":1.15,"u":"1,92 €/KG","img":"https://fd8-photos.leclercdrive.fr/image.ashx?id=2770678&use=l&cat=p&typeid=i","cat":319791},{"id":1244,"n":"Potatoes Pom'lisse Finement épicées - 600g","p":1.16,"u":"1,93 €/KG","img":"https://fd8-photos.leclercdrive.fr/image.ashx?id=2699663&use=l&cat=p&typeid=i","cat":319791},{"id":1245,"n":"Pommes noisettes Pom'lisse 1kg","p":1.88,"u":"1,88 €/KG","img":"https://fd8-photos.leclercdrive.fr/image.ashx?id=2958314&use=l&cat=p&typeid=i","cat":319792},{"id":1246,"n":"Pommes dauphine Pom'lisse 500g","p":1.49,"u":"2,98 €/KG","img":"https://fd8-photos.leclercdrive.fr/image.ashx?id=2699657&use=l&cat=p&typeid=i","cat":319792},{"id":1247,"n":"Pom'rustic Pom'Lisse Sachet 750 gr","p":2.55,"u":"3,40 €/KG","img":"https://fd8-photos.leclercdrive.fr/image.ashx?id=2851574&use=l&cat=p&typeid=i","cat":319792},{"id":1248,"n":"Frites Pom'lisse 1kg","p":1.87,"u":"1,87 €/KG","img":"https://fd8-photos.leclercdrive.fr/image.ashx?id=2699651&use=l&cat=p&typeid=i","cat":319791},{"id":1251,"n":"Crème glacée Eskiss Vanille de Madagascar - 494g","p":1.65,"u":"3,34 €/KG","img":"https://fd8-photos.leclercdrive.fr/image.ashx?id=2982592&use=l&cat=p&typeid=i","cat":284263},{"id":1252,"n":"Glace Smicy Vanille fraise chocolat - 345g","p":2.41,"u":"6,99 €/KG","img":"https://fd8-photos.leclercdrive.fr/image.ashx?id=2951113&use=l&cat=p&typeid=i","cat":285250},{"id":1309,"n":"Lessive Epsil gel main express Tube 250ml","p":1.55,"u":"6,20 €/L","img":"https://fd8-photos.leclercdrive.fr/image.ashx?id=2838906&use=l&cat=p&typeid=i","cat":284643},{"id":1335,"n":"Liquide vaisselle Visior Citron - 750ml","p":1.2,"u":"1,60 €/L","img":"https://fd8-photos.leclercdrive.fr/image.ashx?id=2930849&use=l&cat=p&typeid=i","cat":284655},{"id":1336,"n":"Liquide vaisselle Visior Ultra Peaux sensibles 500ml","p":0.64,"u":"1,28 €/L","img":"https://fd8-photos.leclercdrive.fr/image.ashx?id=2951116&use=l&cat=p&typeid=i","cat":284655},{"id":1344,"n":"Gants jetables Mamison latex T6 x10","p":1.33,"img":"https://fd8-photos.leclercdrive.fr/image.ashx?id=554721&use=l&cat=p&typeid=i","cat":284668},{"id":1345,"n":"Gants jetables Mamison latex T8 x10","p":1.33,"img":"https://fd8-photos.leclercdrive.fr/image.ashx?id=2742691&use=l&cat=p&typeid=i","cat":284668},{"id":1346,"n":"Eponges Mamison végétales Super absorbantes x3","p":1.17,"u":"0,39 €/P","img":"https://fd8-photos.leclercdrive.fr/image.ashx?id=2458052&use=l&cat=p&typeid=i","cat":284667},{"id":1358,"n":"Nettoyant Gel avec javel Clair 1L","p":1.09,"u":"1,09 €/L","img":"https://fd8-photos.leclercdrive.fr/image.ashx?id=2705062&use=l&cat=p&typeid=i","cat":284907},{"id":1359,"n":"Pastilles javel Clair x48 - 150g","p":1.65,"u":"11,00 €/KG","img":"https://fd8-photos.leclercdrive.fr/image.ashx?id=2631426&use=l&cat=p&typeid=i","cat":284661},{"id":1360,"n":"Eau de Javel Clair Parfum Eucalyptus - 2L","p":0.72,"u":"0,36 €/L","img":"https://fd8-photos.leclercdrive.fr/image.ashx?id=1082132&use=l&cat=p&typeid=i","cat":284661},{"id":1376,"n":"Lingettes nettoyantes Clair Sols muguet larges x15","p":1.14,"img":"https://fd8-photos.leclercdrive.fr/image.ashx?id=2593815&use=l&cat=p&typeid=i","cat":325364},{"id":1381,"n":"Dépoussiérant Clair meuble Cire 300ml","p":1.33,"u":"4,43 €/L","img":"https://fd8-photos.leclercdrive.fr/image.ashx?id=2819256&use=l&cat=p&typeid=i","cat":325364},{"id":1385,"n":"Spray nettoyant Vitroclen  Vitrocéramique - 250ml","p":2.55,"u":"10,20 €/L","img":"https://fd8-photos.leclercdrive.fr/image.ashx?id=2263727&use=l&cat=p&typeid=i","cat":325363},{"id":1386,"n":"Nettoyant four Clair 500ml","p":1.53,"u":"3,06 €/L","img":"https://fd8-photos.leclercdrive.fr/image.ashx?id=2858824&use=l&cat=p&typeid=i","cat":325363},{"id":1392,"n":"Blocs wc eau bleue Syphon x2 80g","p":1.12,"u":"14,00 €/KG","img":"https://fd8-photos.leclercdrive.fr/image.ashx?id=2302537&use=l&cat=p&typeid=i","cat":284662},{"id":1398,"n":"Recharge diffuseur électrique Insectivor anti-moustiques - x1","p":2.27,"img":"https://fd8-photos.leclercdrive.fr/image.ashx?id=2717105&use=l&cat=p&typeid=i","cat":298368},{"id":1400,"n":"Papier aluminium Elembal 20m","p":2.62,"img":"https://fd8-photos.leclercdrive.fr/image.ashx?id=2756846&use=l&cat=p&typeid=i","cat":334134},{"id":1401,"n":"Barquettes aluminium Elembal x10 0.5L","p":2.56,"img":"https://fd8-photos.leclercdrive.fr/image.ashx?id=1733306&use=l&cat=p&typeid=i","cat":334134},{"id":1402,"n":"Barquettes aluminium Elembal Plates 1L","p":4.4,"img":"https://fd8-photos.leclercdrive.fr/image.ashx?id=2455105&use=l&cat=p&typeid=i","cat":334134},{"id":1403,"n":"Barquettes aluminium Elembal Profondes x10 1L","p":4.3,"img":"https://fd8-photos.leclercdrive.fr/image.ashx?id=1733315&use=l&cat=p&typeid=i","cat":334134},{"id":1404,"n":"Barquettes aluminium Elembal x5 1,5L","p":2.77,"img":"https://fd8-photos.leclercdrive.fr/image.ashx?id=1733309&use=l&cat=p&typeid=i","cat":334134},{"id":1405,"n":"Barquettes aluminium Elembal x5 2L","p":3.46,"img":"https://fd8-photos.leclercdrive.fr/image.ashx?id=1733312&use=l&cat=p&typeid=i","cat":334134},{"id":1407,"n":"Film étirable Elembal 30m","p":1.2,"img":"https://fd8-photos.leclercdrive.fr/image.ashx?id=2431191&use=l&cat=p&typeid=i","cat":334134},{"id":1412,"n":"Sacs congélation Elembal Grand modèle x25","p":1.08,"img":"https://fd8-photos.leclercdrive.fr/image.ashx?id=2169147&use=l&cat=p&typeid=i","cat":334134},{"id":1413,"n":"Sacs congélation Elembal Petit modèle x50","p":1.1,"img":"https://fd8-photos.leclercdrive.fr/image.ashx?id=2158155&use=l&cat=p&typeid=i","cat":334134},{"id":1414,"n":"Sacs poubelle 30L Elembal à liens classiques - x25","p":1.26,"u":"0,05 €/P","img":"https://fd8-photos.leclercdrive.fr/image.ashx?id=2958699&use=l&cat=p&typeid=i","cat":285168},{"id":1415,"n":"Sacs poubelle 130L Elembal à liens classiques - x10","p":4.65,"u":"0,47 €/P","img":"https://fd8-photos.leclercdrive.fr/image.ashx?id=2791743&use=l&cat=p&typeid=i","cat":285168},{"id":1416,"n":"Sacs poubelle 100L Elembal Poignées coulissantes - x10","p":1.62,"u":"0,16 €/P","img":"https://fd8-photos.leclercdrive.fr/image.ashx?id=1959148&use=l&cat=p&typeid=i","cat":285168},{"id":1417,"n":"Sacs poubelle 100L Elembal à liens classiques - x10","p":1.54,"u":"0,15 €/P","img":"https://fd8-photos.leclercdrive.fr/image.ashx?id=1959151&use=l&cat=p&typeid=i","cat":285168},{"id":1418,"n":"Sacs poubelle 50L Elembal à liens classiques - x15","p":2.19,"u":"0,15 €/P","img":"https://fd8-photos.leclercdrive.fr/image.ashx?id=2958693&use=l&cat=p&typeid=i","cat":285168},{"id":1419,"n":"Sacs poubelle Elembal 20L x20","p":1.2,"u":"0,06 €/P","img":"https://fd8-photos.leclercdrive.fr/image.ashx?id=2100551&use=l&cat=p&typeid=i","cat":285168},{"id":1420,"n":"Sacs poubelle Elembal 20L A poignées - x30","p":2.08,"u":"0,07 €/P","img":"https://fd8-photos.leclercdrive.fr/image.ashx?id=2791674&use=l&cat=p&typeid=i","cat":285168},{"id":1421,"n":"Sacs poubelle Elembal 30L A poignées - x20","p":2.49,"u":"0,12 €/P","img":"https://fd8-photos.leclercdrive.fr/image.ashx?id=2791677&use=l&cat=p&typeid=i","cat":285168},{"id":1423,"n":"Sacs poubelle 50L Elembal Poignées coulissantes - x15","p":2.31,"u":"0,15 €/P","img":"https://fd8-photos.leclercdrive.fr/image.ashx?id=2958696&use=l&cat=p&typeid=i","cat":285168},{"id":1427,"n":"Gel douche Manava Pétales d'Orient - 250ml","p":1.15,"u":"4,60 €/L","img":"https://fd8-photos.leclercdrive.fr/image.ashx?id=2494214&use=l&cat=p&typeid=i","cat":284594},{"id":1428,"n":"Lait de douche Manava Coeur de vanille - 250ml","p":0.94,"u":"3,76 €/L","img":"https://fd8-photos.leclercdrive.fr/image.ashx?id=2456141&use=l&cat=p&typeid=i","cat":284594},{"id":1429,"n":"Gel douche Manava Boisé - 250ml","p":1.15,"u":"4,60 €/L","img":"https://fd8-photos.leclercdrive.fr/image.ashx?id=2809653&use=l&cat=p&typeid=i","cat":284594},{"id":1433,"n":"Recharge savon mains Manava Crème perles d'oranger - 250ml","p":0.68,"u":"2,72 €/L","img":"https://fd8-photos.leclercdrive.fr/image.ashx?id=2935483&use=l&cat=p&typeid=i","cat":284597},{"id":1435,"n":"Recharge savon mains Manava Crème Amande - 250ml","p":0.57,"u":"2,28 €/L","img":"https://fd8-photos.leclercdrive.fr/image.ashx?id=2935474&use=l&cat=p&typeid=i","cat":284597},{"id":1436,"n":"Lait de douche Manava Amande douce - 250ml","p":0.94,"u":"3,76 €/L","img":"https://fd8-photos.leclercdrive.fr/image.ashx?id=2771346&use=l&cat=p&typeid=i","cat":284594},{"id":1437,"n":"Lait de douche Manava Lait de coco - 250ml","p":0.94,"u":"3,76 €/L","img":"https://fd8-photos.leclercdrive.fr/image.ashx?id=2443176&use=l&cat=p&typeid=i","cat":284594},{"id":1441,"n":"Cire Chaude au Sucre Pure Veet Vanille 98% naturelle 250ml","p":6.29,"u":"25,16 €/L","img":"https://fd8-photos.leclercdrive.fr/image.ashx?id=2960684&use=l&cat=p&typeid=i","cat":325351},{"id":1449,"n":"Déodorant Manava fraîcheur Vanille glacée spray 200ml","p":1.39,"u":"6,95 €/L","img":"https://fd8-photos.leclercdrive.fr/image.ashx?id=2656445&use=l&cat=p&typeid=i","cat":284595},{"id":1468,"n":"Gel à raser Gillette series Peaux sensibles 75ml","p":3.04,"u":"40,53 €/L","img":"https://fd8-photos.leclercdrive.fr/image.ashx?id=2900713&use=l&cat=p&typeid=i","cat":284617},{"id":1473,"n":"Gel à raser Carré Homme Hydratant 200ml","p":1.69,"u":"8,45 €/L","img":"https://fd8-photos.leclercdrive.fr/image.ashx?id=2771582&use=l&cat=p&typeid=i","cat":284617},{"id":1474,"n":"Rasoirs jetables Carré Homme 2 lames - x10","p":1.5,"u":"0,15 €/P","img":"https://fd8-photos.leclercdrive.fr/image.ashx?id=2873543&use=l&cat=p&typeid=i","cat":284616},{"id":1481,"n":"Dentifrice Dentamyl Protection caries - 75ml","p":0.73,"u":"9,73 €/L","img":"https://fd8-photos.leclercdrive.fr/image.ashx?id=2699129&use=l&cat=p&typeid=i","cat":284612},{"id":1482,"n":"Dentifrice enfant Dentamyl Fraise - 3-6 ans - 50ml","p":0.89,"u":"17,80 €/L","img":"https://fd8-photos.leclercdrive.fr/image.ashx?id=2075188&use=l&cat=p&typeid=i","cat":288898},{"id":1484,"n":"Brosse à dents junior Dentamyl 1 pièce","p":0.49,"img":"https://fd8-photos.leclercdrive.fr/image.ashx?id=2790901&use=l&cat=p&typeid=i","cat":288897},{"id":1486,"n":"Brosse à dents enfant Dentamyl 2-6 ans x1","p":0.51,"img":"https://fd8-photos.leclercdrive.fr/image.ashx?id=1980485&use=l&cat=p&typeid=i","cat":288897},{"id":1487,"n":"Pansements Primoplast Multi-usages x40","p":1.11,"img":"https://fd8-photos.leclercdrive.fr/image.ashx?id=2891773&use=l&cat=p&typeid=i","cat":284630},{"id":1488,"n":"Mouchoirs blancs 4 plis Caresse Mouchoirs papier Lotion x12","p":2.28,"u":"0,19 €/P","img":"https://fd8-photos.leclercdrive.fr/image.ashx?id=2572993&use=l&cat=p&typeid=i","cat":284638},{"id":1620,"n":"Gel lavant bébé Mots d'Enfants Corps et cheveux - 250ml","p":1.49,"u":"5,96 €/L","img":"https://fd8-photos.leclercdrive.fr/image.ashx?id=3014149&use=l&cat=p&typeid=i","cat":284740},{"id":1627,"n":"Lingettes bébé Mots d'Enfants Ultra-douces - x72","p":1.75,"u":"0,02 €/P","img":"https://fd8-photos.leclercdrive.fr/image.ashx?id=2856447&use=l&cat=p&typeid=i","cat":284738},{"id":1640,"n":"Protection incontinence Chorys Rectangulaire - x24","p":4.62,"u":"0,19 €/P","img":"https://fd8-photos.leclercdrive.fr/image.ashx?id=2761980&use=l&cat=p&typeid=i","cat":284628},{"id":1654,"n":"Enveloppes adhésives Esquisse x50 11x22cm 80g","p":1.69,"u":"21,13 €/KG","img":"https://fd8-photos.leclercdrive.fr/image.ashx?id=2943181&use=l&cat=p&typeid=i","cat":284697},{"id":1655,"n":"Enveloppes adhésives Esquisse x100 11x22cm 80g","p":2.69,"img":"https://fd8-photos.leclercdrive.fr/image.ashx?id=2943184&use=l&cat=p&typeid=i","cat":284697},{"id":1656,"n":"Pochettes kraft Esquisse Adhésives 22.9x32.4cm x25","p":2.3,"img":"https://fd8-photos.leclercdrive.fr/image.ashx?id=1699690&use=l&cat=p&typeid=i","cat":284697},{"id":1657,"n":"Pochettes kraft Esquisse Adhésives 16.2x22.9cm x25","p":1.99,"img":"https://fd8-photos.leclercdrive.fr/image.ashx?id=1698655&use=l&cat=p&typeid=i","cat":284697},{"id":1658,"n":"Ruban adhésif Esquisse invisible + dévidoir - 25m","p":1.09,"u":"0,04 €/MT","img":"https://fd8-photos.leclercdrive.fr/image.ashx?id=2943199&use=l&cat=p&typeid=i","cat":334133},{"id":1665,"n":"Feuilles blanches Esquisse A4 90g - 500 feuilles","p":5.9,"img":"https://fd8-photos.leclercdrive.fr/image.ashx?id=2943193&use=l&cat=p&typeid=i","cat":284697},{"id":1666,"n":"Feuilles blanches Esquisse A4 80g - 500 feuilles","p":4.69,"img":"https://fd8-photos.leclercdrive.fr/image.ashx?id=2943196&use=l&cat=p&typeid=i","cat":284697},{"id":1687,"n":"Pile alcaline Foxter 3LR12 4,5V - x1","p":2.25,"img":"https://fd8-photos.leclercdrive.fr/image.ashx?id=2162177&use=l&cat=p&typeid=i","cat":300572},{"id":1729,"n":"Croquettes chiens Lydog poulet Petit chien - Poulet - 1kg","p":2.92,"u":"2,92 €/KG","img":"https://fd8-photos.leclercdrive.fr/image.ashx?id=2895762&use=l&cat=p&typeid=i","cat":294526},{"id":1730,"n":"Barquette chiens Lydog Au Saumon et Truite - 300g","p":1.45,"u":"4,83 €/KG","img":"https://fd8-photos.leclercdrive.fr/image.ashx?id=2042433&use=l&cat=p&typeid=i","cat":284673},{"id":1751,"n":"Croquettes chat Purina One Adulte - Saumon/Céréales - 450g","p":2.65,"u":"5,89 €/KG","img":"https://fd8-photos.leclercdrive.fr/image.ashx?id=2683220&use=l&cat=p&typeid=i","cat":284680},{"id":1753,"n":"Croquettes chat Purina One Adulte - Saumon/Céréales -1.5kg","p":6.65,"u":"4,43 €/KG","img":"https://fd8-photos.leclercdrive.fr/image.ashx?id=2902268&use=l&cat=p&typeid=i","cat":284680},{"id":1754,"n":"Croquettes chat Purina One Adulte - Poulet/Céréales - 3kg","p":11.22,"u":"3,74 €/KG","img":"https://fd8-photos.leclercdrive.fr/image.ashx?id=2432007&use=l&cat=p&typeid=i","cat":284680},{"id":1755,"n":"Bouchées chiens Lydog Adulte - Boeuf - 4kg","p":7.49,"u":"1,87 €/KG","img":"https://fd8-photos.leclercdrive.fr/image.ashx?id=2907162&use=l&cat=p&typeid=i","cat":284672},{"id":1756,"n":"Emincés en sauce Tous mes amis pour chats -  800g","p":1.45,"u":"1,81 €/KG","img":"https://fd8-photos.leclercdrive.fr/image.ashx?id=2606798&use=l&cat=p&typeid=i","cat":285601},{"id":1761,"n":"Croquettes chat Tous mes amis Saumon thon lég.verts - 400g","p":1.11,"u":"2,78 €/KG","img":"https://fd8-photos.leclercdrive.fr/image.ashx?id=2301382&use=l&cat=p&typeid=i","cat":284680},{"id":1762,"n":"Croquettes chat Tous mes amis Poulet légumes - 4kg","p":5.76,"u":"1,44 €/KG","img":"https://fd8-photos.leclercdrive.fr/image.ashx?id=2301406&use=l&cat=p&typeid=i","cat":284680},{"id":1763,"n":"Croquettes chat Tous mes amis Boeuf Poulet Légumes - 2kg","p":2.79,"u":"1,40 €/KG","img":"https://fd8-photos.leclercdrive.fr/image.ashx?id=2739724&use=l&cat=p&typeid=i","cat":284680},{"id":1764,"n":"Croquettes chat Tous mes amis Poulet dinde canard olive - 2kg","p":3.62,"u":"1,81 €/KG","img":"https://fd8-photos.leclercdrive.fr/image.ashx?id=2301400&use=l&cat=p&typeid=i","cat":284680},{"id":1765,"n":"Croquettes chat Tous mes amis Saumon & Légumes - 2kg","p":2.79,"u":"1,40 €/KG","img":"https://fd8-photos.leclercdrive.fr/image.ashx?id=2301394&use=l&cat=p&typeid=i","cat":284680},{"id":1766,"n":"Croquettes chat Tous mes amis Chaton - 400g","p":1.05,"u":"2,63 €/KG","img":"https://fd8-photos.leclercdrive.fr/image.ashx?id=2503275&use=l&cat=p&typeid=i","cat":284680},{"id":1767,"n":"Barquette chats Tous mes amis au Boeuf - 100g","p":0.61,"u":"6,10 €/KG","img":"https://fd8-photos.leclercdrive.fr/image.ashx?id=2042418&use=l&cat=p&typeid=i","cat":285286},{"id":1768,"n":"Barquette chats Tous mes amis à l'agneau - 100g","p":0.62,"u":"6,20 €/KG","img":"https://fd8-photos.leclercdrive.fr/image.ashx?id=2052760&use=l&cat=p&typeid=i","cat":285286},{"id":1769,"n":"Barquette chats Lycat au Foie et Volaille - 100g","p":0.59,"u":"5,90 €/KG","img":"https://fd8-photos.leclercdrive.fr/image.ashx?id=2042415&use=l&cat=p&typeid=i","cat":285286},{"id":1770,"n":"Barquette chats Tous mes amis au Saumon 100g","p":0.58,"u":"5,80 €/KG","img":"https://fd8-photos.leclercdrive.fr/image.ashx?id=2042412&use=l&cat=p&typeid=i","cat":285286},{"id":1772,"n":"Sachet repas chat Tous mes amis Poissons en gelée - 12x100g","p":3.65,"u":"3,04 €/KG","img":"https://fd8-photos.leclercdrive.fr/image.ashx?id=2027592&use=l&cat=p&typeid=i","cat":285286},{"id":1775,"n":"Litière minérale Catsan Hygiène plus pour chat - 10L","p":5.29,"u":"0,53 €/L","img":"https://fd8-photos.leclercdrive.fr/image.ashx?id=2692677&use=l&cat=p&typeid=i","cat":284683},{"id":1786,"n":"Blocs WC Syphon Activ' effect Fraîcheur marine x3","p":1.22,"u":"0,41 €/P","img":"https://fd8-photos.leclercdrive.fr/image.ashx?id=2317294&use=l&cat=p&typeid=i","cat":284662},{"id":1795,"n":"Lingettes nettoyantes Clair Multi-surfaces citron x50","p":1.38,"u":"0,03 €/P","img":"https://fd8-photos.leclercdrive.fr/image.ashx?id=2835193&use=l&cat=p&typeid=i","cat":325358},{"id":1798,"n":"Eponges Multi-usages Mamison grattantes - x3","p":0.89,"u":"0,30 €/P","img":"https://fd8-photos.leclercdrive.fr/image.ashx?id=2202341&use=l&cat=p&typeid=i","cat":284667},{"id":1799,"n":"Haricots verts Notre Jardin Très fins - 3x110g","p":1.83,"u":"5,55 €/KG","img":"https://fd8-photos.leclercdrive.fr/image.ashx?id=2987994&use=l&cat=p&typeid=i","cat":312606},{"id":1800,"n":"Lingettes nettoyantes Clair Muguet x50","p":1.72,"u":"0,03 €/P","img":"https://fd8-photos.leclercdrive.fr/image.ashx?id=2835196&use=l&cat=p&typeid=i","cat":325358},{"id":1801,"n":"Boules inox Mamison x2","p":0.44,"img":"https://fd8-photos.leclercdrive.fr/image.ashx?id=555602&use=l&cat=p&typeid=i","cat":284667},{"id":1802,"n":"Insecticide Insectivor cafards Fourmis araignées 400ml","p":2.49,"u":"6,23 €/L","img":"https://fd8-photos.leclercdrive.fr/image.ashx?id=2843039&use=l&cat=p&typeid=i","cat":298368},{"id":1803,"n":"Spray désodorisant Texil Textile 500ml","p":2.61,"u":"5,22 €/L","img":"https://fd8-photos.leclercdrive.fr/image.ashx?id=2958690&use=l&cat=p&typeid=i","cat":290451},{"id":1806,"n":"Insecticide Insectivor guêpes Mouches moustiques - 400ml","p":2.22,"u":"5,55 €/L","img":"https://fd8-photos.leclercdrive.fr/image.ashx?id=2835008&use=l&cat=p&typeid=i","cat":298368},{"id":1810,"n":"Gel nettoyant wc Syphon 750ml","p":1.03,"u":"1,37 €/L","img":"https://fd8-photos.leclercdrive.fr/image.ashx?id=2558775&use=l&cat=p&typeid=i","cat":284662},{"id":1812,"n":"Gel nettoyant wc Syphon 750ml","p":0.66,"u":"0,88 €/L","img":"https://fd8-photos.leclercdrive.fr/image.ashx?id=2067935&use=l&cat=p&typeid=i","cat":284662},{"id":1816,"n":"Déboucheur canalisations Syphon Gel 1L","p":1.39,"u":"1,39 €/L","img":"https://fd8-photos.leclercdrive.fr/image.ashx?id=2202347&use=l&cat=p&typeid=i","cat":284908},{"id":1821,"n":"Confiture Bonne Maman Figues violettes - 370g","p":1.89,"u":"5,11 €/KG","img":"https://fd8-photos.leclercdrive.fr/image.ashx?id=2547477&use=l&cat=p&typeid=i","cat":284480},{"id":1822,"n":"Confiture Bonne Maman Myrtilles - 370g","p":3.15,"u":"8,51 €/KG","img":"https://fd8-photos.leclercdrive.fr/image.ashx?id=2132361&use=l&cat=p&typeid=i","cat":284480},{"id":1826,"n":"Confiture Douceur du Verger Abricots - Allégée - 340g","p":1.05,"u":"3,09 €/KG","img":"https://fd8-photos.leclercdrive.fr/image.ashx?id=2965440&use=l&cat=p&typeid=i","cat":284480},{"id":1828,"n":"Confiture Bonne Maman Framboises - 370g","p":2.55,"u":"6,89 €/KG","img":"https://fd8-photos.leclercdrive.fr/image.ashx?id=2544807&use=l&cat=p&typeid=i","cat":284480},{"id":1833,"n":"Confiture Douceur du Verger Fraises - 340g","p":1.05,"u":"3,09 €/KG","img":"https://fd8-photos.leclercdrive.fr/image.ashx?id=2965431&use=l&cat=p&typeid=i","cat":284480},{"id":1835,"n":"Confiture Douceur du Verger Orange 340g","p":0.99,"u":"2,83 €/KG","img":"https://fd8-photos.leclercdrive.fr/image.ashx?id=2965434&use=l&cat=p&typeid=i","cat":284480},{"id":1846,"n":"Compote Douceur du Verger Gourdes Pomme Fraise - 4x90g","p":1.39,"u":"3,86 €/KG","img":"https://fd8-photos.leclercdrive.fr/image.ashx?id=2837024&use=l&cat=p&typeid=i","cat":284508},{"id":1847,"n":"Barres céréales Fitness Nestlé Chocolat - 6x23.5g","p":1.74,"u":"12,34 €/KG","img":"https://fd8-photos.leclercdrive.fr/image.ashx?id=2947009&use=l&cat=p&typeid=i","cat":285869},{"id":1863,"n":"Soja cuisine fluide Bio Bjorg - 25cl","p":0.93,"u":"3,72 €/L","img":"https://fd8-photos.leclercdrive.fr/image.ashx?id=2970921&use=l&cat=p&typeid=i","cat":316069},{"id":1864,"n":"Chocolat Tablette d'Or Noir amandes entières 200g","p":1.84,"u":"9,20 €/KG","img":"https://fd8-photos.leclercdrive.fr/image.ashx?id=2982886&use=l&cat=p&typeid=i","cat":284956},{"id":1865,"n":"Chocolat Tablette d'Or noir Ecorces d'orange 200g","p":2.45,"u":"12,25 €/KG","img":"https://fd8-photos.leclercdrive.fr/image.ashx?id=2654267&use=l&cat=p&typeid=i","cat":284956},{"id":1870,"n":"Tablette de chocolat Equador Noir 85% cacao - 100g","p":1.53,"u":"15,30 €/KG","img":"https://fd8-photos.leclercdrive.fr/image.ashx?id=2840734&use=l&cat=p&typeid=i","cat":284956},{"id":1871,"n":"Céréales mini-pack Kellogg's Multi-variétés - 215g","p":3.19,"u":"14,84 €/KG","img":"https://fd8-photos.leclercdrive.fr/image.ashx?id=3014467&use=l&cat=p&typeid=i","cat":309513},{"id":1872,"n":"Pâte à tartiner Nustikao Gressins 3x60g","p":1.8,"u":"10,00 €/KG","img":"https://fd8-photos.leclercdrive.fr/image.ashx?id=2440703&use=l&cat=p&typeid=i","cat":284488},{"id":1873,"n":"Petits pains grillés Epi d'Or Complet - 225g","p":0.89,"u":"3,96 €/KG","img":"https://fd8-photos.leclercdrive.fr/image.ashx?id=2726491&use=l&cat=p&typeid=i","cat":284479},{"id":1878,"n":"Compote Douceur du Verger Coupelle pomme pêche - 4x100g","p":1.19,"u":"2,98 €/KG","img":"https://fd8-photos.leclercdrive.fr/image.ashx?id=2663464&use=l&cat=p&typeid=i","cat":284508},{"id":1879,"n":"Compote Douceur du Verger Coupelle pomme poire - 4x100g","p":1.17,"u":"2,93 €/KG","img":"https://fd8-photos.leclercdrive.fr/image.ashx?id=2663470&use=l&cat=p&typeid=i","cat":284508},{"id":1883,"n":"Compote Douceur du Verger Gourdes Pomme Banane - 4x90g","p":1.59,"u":"4,42 €/KG","img":"https://fd8-photos.leclercdrive.fr/image.ashx?id=2837027&use=l&cat=p&typeid=i","cat":284508},{"id":1884,"n":"Compote Douceur du Verger Gourdes Pomme - 4x90g","p":0.99,"u":"2,75 €/KG","img":"https://fd8-photos.leclercdrive.fr/image.ashx?id=2837021&use=l&cat=p&typeid=i","cat":284508},{"id":1885,"n":"Haricots verts Notre Jardin Extra fins - 440g","p":2.58,"u":"5,86 €/KG","img":"https://fd8-photos.leclercdrive.fr/image.ashx?id=2050618&use=l&cat=p&typeid=i","cat":312606},{"id":1886,"n":"Petits pois Notre Jardin A l'étuvée - Extra fins - 560g","p":1.29,"u":"2,30 €/KG","img":"https://fd8-photos.leclercdrive.fr/image.ashx?id=2526267&use=l&cat=p&typeid=i","cat":312607},{"id":1887,"n":"Champignons Paris Notre Jardin Pieds et morceaux - 3x115g","p":1.99,"u":"5,77 €/KG","img":"https://fd8-photos.leclercdrive.fr/image.ashx?id=2991115&use=l&cat=p&typeid=i","cat":312610},{"id":1888,"n":"Flageolets verts Notre Jardin Extra fins - 530g","p":1.29,"u":"2,43 €/KG","img":"https://fd8-photos.leclercdrive.fr/image.ashx?id=2468819&use=l&cat=p&typeid=i","cat":312606},{"id":1889,"n":"Macédoine légumes Notre Jardin 3x130g","p":1.75,"u":"4,49 €/KG","img":"https://fd8-photos.leclercdrive.fr/image.ashx?id=2537349&use=l&cat=p&typeid=i","cat":312612},{"id":1890,"n":"Choux Bruxelles Notre Jardin 265g","p":1.29,"u":"4,87 €/KG","img":"https://fd8-photos.leclercdrive.fr/image.ashx?id=2913654&use=l&cat=p&typeid=i","cat":312612},{"id":1895,"n":"Foie de morue Connétable MSC - Fumé - 121g","p":1.74,"u":"14,38 €/KG","img":"https://fd8-photos.leclercdrive.fr/image.ashx?id=2804454&use=l&cat=p&typeid=i","cat":305147},{"id":1897,"n":"Pâté NRT Campagne porc breton - 200g","p":1.91,"u":"9,55 €/KG","img":"https://fd8-photos.leclercdrive.fr/image.ashx?id=2560494&use=l&cat=p&typeid=i","cat":305149},{"id":1898,"n":"Cassoulet Côté Table 840g","p":2.19,"u":"2,61 €/KG","img":"https://fd8-photos.leclercdrive.fr/image.ashx?id=2977096&use=l&cat=p&typeid=i","cat":284440},{"id":1901,"n":"Taboulé Côté Table Etui 730g","p":1.87,"u":"2,56 €/KG","img":"https://fd8-photos.leclercdrive.fr/image.ashx?id=2977093&use=l&cat=p&typeid=i","cat":325094},{"id":1902,"n":"Chips à l'ancienne Pom'Lisse Nature - 150g","p":1.04,"u":"6,93 €/KG","img":"https://fd8-photos.leclercdrive.fr/image.ashx?id=2724829&use=l&cat=p&typeid=i","cat":284447},{"id":1903,"n":"Saucisses cocktail Tokapi  240g","p":1.95,"u":"8,13 €/KG","img":"https://fd8-photos.leclercdrive.fr/image.ashx?id=2943614&use=l&cat=p&typeid=i","cat":284450},{"id":1906,"n":"Huile de tournesol Lesieur  1L","p":2.79,"u":"2,79 €/L","img":"https://fd8-photos.leclercdrive.fr/image.ashx?id=2916839&use=l&cat=p&typeid=i","cat":284453},{"id":1909,"n":"Olives vertes Rustica Entières - 200g","p":1.24,"u":"6,20 €/KG","img":"https://fd8-photos.leclercdrive.fr/image.ashx?id=2499073&use=l&cat=p&typeid=i","cat":284458},{"id":1913,"n":"Pâtes Barilla Coquillettes - 500g","p":1.05,"u":"2,10 €/KG","img":"https://fd8-photos.leclercdrive.fr/image.ashx?id=2392218&use=l&cat=p&typeid=i","cat":284427},{"id":1920,"n":"Boisson végétale Bio Bjorg Soja Douceur - 1L","p":1.71,"u":"1,71 €/L","img":"https://fd8-photos.leclercdrive.fr/image.ashx?id=2967052&use=l&cat=p&typeid=i","cat":316067},{"id":1925,"n":"Petits beurre P'tit Déli x24 - 200g","p":0.95,"u":"4,75 €/KG","img":"https://fd8-photos.leclercdrive.fr/image.ashx?id=1898886&use=l&cat=p&typeid=i","cat":284487},{"id":1930,"n":"Quatre-quart P'tit Déli De Bretagne - 800g","p":4.3,"u":"5,38 €/KG","img":"https://fd8-photos.leclercdrive.fr/image.ashx?id=2911799&use=l&cat=p&typeid=i","cat":294776},{"id":1935,"n":"Café Soluble Nescafé Sélection - 200g","p":6.15,"u":"30,75 €/KG","img":"https://fd8-photos.leclercdrive.fr/image.ashx?id=2968847&use=l&cat=p&typeid=i","cat":284843},{"id":1939,"n":"Infusion Tiséa verveine menthe x25","p":0.92,"u":"23,00 €/KG","img":"https://fd8-photos.leclercdrive.fr/image.ashx?id=2441102&use=l&cat=p&typeid=i","cat":293234},{"id":1943,"n":"Confiture Bonne Maman Fraises - 750g","p":3.56,"u":"4,75 €/KG","img":"https://fd8-photos.leclercdrive.fr/image.ashx?id=2906073&use=l&cat=p&typeid=i","cat":284480},{"id":1944,"n":"Miel Nid d'Abeille A tartiner - 250 g","p":1.91,"u":"7,64 €/KG","img":"https://fd8-photos.leclercdrive.fr/image.ashx?id=2696805&use=l&cat=p&typeid=i","cat":287643},{"id":1953,"n":"Sucre n°4 Saint Louis Morceaux - 1kg","p":2.25,"u":"2,25 €/KG","img":"https://fd8-photos.leclercdrive.fr/image.ashx?id=2624236&use=l&cat=p&typeid=i","cat":284502},{"id":1955,"n":"Farine de blé T45 Tablier Blanc 1kg","p":0.69,"u":"0,69 €/KG","img":"https://fd8-photos.leclercdrive.fr/image.ashx?id=2832622&use=l&cat=p&typeid=i","cat":284503},{"id":1956,"n":"Compote Douceur du Verger Coupelle pomme banane - 4x100g","p":1.3,"u":"3,25 €/KG","img":"https://fd8-photos.leclercdrive.fr/image.ashx?id=2663461&use=l&cat=p&typeid=i","cat":284508},{"id":1961,"n":"Tablette de chocolat Equador Noir 72% cacao 100g","p":1.39,"u":"13,90 €/KG","img":"https://fd8-photos.leclercdrive.fr/image.ashx?id=2822920&use=l&cat=p&typeid=i","cat":284956},{"id":1962,"n":"Tablette de Chocolat Blanc Galak - 2x100g","p":3.29,"u":"16,45 €/KG","img":"https://fd8-photos.leclercdrive.fr/image.ashx?id=2769618&use=l&cat=p&typeid=i","cat":284957},{"id":1972,"n":"Eau minérale gazeuse Perrier  Bouteilles en verre 8x20cl","p":3.65,"u":"2,28 €/L","img":"https://fd8-photos.leclercdrive.fr/image.ashx?id=2587551&use=l&cat=p&typeid=i","cat":284536},{"id":1975,"n":"Sirop Frucci Menthe - 75cl","p":1.85,"u":"2,47 €/L","img":"https://fd8-photos.leclercdrive.fr/image.ashx?id=2842208&use=l&cat=p&typeid=i","cat":295020},{"id":1980,"n":"Pur Jus d'ananas Jafaden Brique élopack 1L","p":2.09,"u":"2,09 €/L","img":"https://fd8-photos.leclercdrive.fr/image.ashx?id=2955683&use=l&cat=p&typeid=i","cat":284916},{"id":1984,"n":"Thé glacé Fresh Tea Pêche - 2L","p":1.64,"u":"0,82 €/L","img":"https://fd8-photos.leclercdrive.fr/image.ashx?id=2715281&use=l&cat=p&typeid=i","cat":295019},{"id":1989,"n":"Whisky Sir Edward's 40%vol - 70cl","p":12.89,"u":"18,41 €/L","img":"https://fd8-photos.leclercdrive.fr/image.ashx?id=2503371&use=l&cat=p&typeid=i","cat":284547},{"id":1990,"n":"Scotch Whisky Label 5 40%vol - 70cl","p":13.09,"u":"18,70 €/L","img":"https://fd8-photos.leclercdrive.fr/image.ashx?id=2639468&use=l&cat=p&typeid=i","cat":284547},{"id":1992,"n":"Whisky Famous grouse 40%vol. - 70cl","p":16.57,"u":"23,67 €/L","img":"https://fd8-photos.leclercdrive.fr/image.ashx?id=2745088&use=l&cat=p&typeid=i","cat":284547},{"id":1995,"n":"Whisky Ballantine's Finest Blended Scotch 40% vol - 70cl","p":15.4,"u":"22,00 €/L","img":"https://fd8-photos.leclercdrive.fr/image.ashx?id=2981298&use=l&cat=p&typeid=i","cat":284547},{"id":1997,"n":"Whisky Clan Campbell Blended Scotch 40% vol - 70cl","p":14.5,"u":"20,71 €/L","img":"https://fd8-photos.leclercdrive.fr/image.ashx?id=2868365&use=l&cat=p&typeid=i","cat":284547},{"id":1998,"n":"Whiskey Irlandais Jameson  40% vol - 70cl","p":21.02,"u":"30,03 €/L","img":"https://fd8-photos.leclercdrive.fr/image.ashx?id=2866025&use=l&cat=p&typeid=i","cat":284547},{"id":2000,"n":"Pastis Duval 45%vol - 1L","p":18.25,"u":"18,25 €/L","img":"https://fd8-photos.leclercdrive.fr/image.ashx?id=2659656&use=l&cat=p&typeid=i","cat":284548},{"id":2001,"n":"Pastis Ricard Anisé 45% vol - 1L","p":19.89,"pp":18.89,"u":"18,89 €/L","img":"https://fd8-photos.leclercdrive.fr/image.ashx?id=2947820&use=l&cat=p&typeid=i","cat":284548},{"id":2002,"n":"Pastis de Marseille Vivalis 45%vol - 1L","p":17.02,"u":"17,02 €/L","img":"https://fd8-photos.leclercdrive.fr/image.ashx?id=2699639&use=l&cat=p&typeid=i","cat":284548},{"id":2003,"n":"Vodka premium Eristoff Original 37,5° - 70cl","p":12.87,"u":"18,39 €/L","img":"https://fd8-photos.leclercdrive.fr/image.ashx?id=2850734&use=l&cat=p&typeid=i","cat":284550},{"id":2006,"n":"Vodka Novotna  Pure grain 37.5%vol - 70cl","p":10.59,"u":"15,13 €/L","img":"https://fd8-photos.leclercdrive.fr/image.ashx?id=1654441&use=l&cat=p&typeid=i","cat":284550},{"id":2007,"n":"Rhum blanc Bacardi Carta Blanca 37,5° - 70cl","p":16.14,"u":"23,06 €/L","img":"https://fd8-photos.leclercdrive.fr/image.ashx?id=2833933&use=l&cat=p&typeid=i","cat":284550},{"id":2010,"n":"Rhum blanc Old Nick  40%vol - 70cl","p":10.48,"u":"14,97 €/L","img":"https://fd8-photos.leclercdrive.fr/image.ashx?id=2483747&use=l&cat=p&typeid=i","cat":284550},{"id":2012,"n":"Rhum ambré Negrita 40%vol - 1L","p":14.79,"u":"14,79 €/L","img":"https://fd8-photos.leclercdrive.fr/image.ashx?id=2519633&use=l&cat=p&typeid=i","cat":284550},{"id":2015,"n":"Liqueur The Original Baileys Irish Cream 17%vol - 70cl","p":12.71,"u":"18,16 €/L","img":"https://fd8-photos.leclercdrive.fr/image.ashx?id=2536059&use=l&cat=p&typeid=i","cat":286032},{"id":2018,"n":"Rhum Lagoa 40%vol - 50cl","p":7.0,"u":"14,00 €/L","img":"https://fd8-photos.leclercdrive.fr/image.ashx?id=2966487&use=l&cat=p&typeid=i","cat":284550},{"id":2019,"n":"Sucre de canne Lagoa 70cl","p":1.65,"u":"2,36 €/L","img":"https://fd8-photos.leclercdrive.fr/image.ashx?id=2966472&use=l&cat=p&typeid=i","cat":284551},{"id":2021,"n":"Apéritif Suze L'Originale 15% vol - 1L","p":9.89,"u":"9,89 €/L","img":"https://fd8-photos.leclercdrive.fr/image.ashx?id=2914462&use=l&cat=p&typeid=i","cat":284913},{"id":2023,"n":"Muscat Guillaume d'Arria 15.5%vol - 75cl","p":6.99,"u":"9,32 €/L","img":"https://fd8-photos.leclercdrive.fr/image.ashx?id=2974780&use=l&cat=p&typeid=i","cat":284913},{"id":2024,"n":"Rivesaltes ambré G. d'Arria 16%vol - 75cl","p":4.28,"u":"5,71 €/L","img":"https://fd8-photos.leclercdrive.fr/image.ashx?id=2974738&use=l&cat=p&typeid=i","cat":284913},{"id":2025,"n":"Muscat de Rivesaltes G. d'Arria 15.5%vol - 75cl","p":4.99,"u":"6,65 €/L","img":"https://fd8-photos.leclercdrive.fr/image.ashx?id=2974744&use=l&cat=p&typeid=i","cat":284913},{"id":2028,"n":"AOP Bordeaux rouge Baron de Lestac - 75cl","p":3.6,"u":"4,80 €/L","img":"https://fd8-photos.leclercdrive.fr/image.ashx?id=2471148&use=l&cat=p&typeid=i","cat":289556},{"id":2029,"n":"AOP Bordeaux rouge Malesan - 75 cl","p":3.73,"u":"4,97 €/L","img":"https://fd8-photos.leclercdrive.fr/image.ashx?id=2917432&use=l&cat=p&typeid=i","cat":289556},{"id":2044,"n":"IGP Pays d'Oc Merlot vin rouge Vieux Carion 13% vol -75 cl","p":2.25,"u":"3,00 €/L","img":"https://fd8-photos.leclercdrive.fr/image.ashx?id=2764724&use=l&cat=p&typeid=i","cat":289556},{"id":2045,"n":"IGP Pays d'Oc vin rouge Vieux Carion 12.5% vol -75 cl","p":2.25,"u":"3,00 €/L","img":"https://fd8-photos.leclercdrive.fr/image.ashx?id=2800267&use=l&cat=p&typeid=i","cat":289556},{"id":2049,"n":"IGP Pays d'Oc Gris vin rosé Rives & Terrasses - 75cl -12,5%","p":2.89,"u":"3,85 €/L","img":"https://fd8-photos.leclercdrive.fr/image.ashx?id=2920918&use=l&cat=p&typeid=i","cat":289558},{"id":2051,"n":"IGP Pays d'Oc Syrah vin rosé Vieux Carion 12.5% vol -75 cl","p":2.25,"u":"3,00 €/L","img":"https://fd8-photos.leclercdrive.fr/image.ashx?id=2892340&use=l&cat=p&typeid=i","cat":289558},{"id":2058,"n":"IGP Pays d'Oc Sauvignon Blanc Vieux Carion 12% vol -75 cl","p":2.25,"u":"3,00 €/L","img":"https://fd8-photos.leclercdrive.fr/image.ashx?id=2879937&use=l&cat=p&typeid=i","cat":289557},{"id":2072,"n":"AOP Champagne Mumm Cordon Rouge Brut 12% vol - 75cl","p":28.9,"u":"38,53 €/L","img":"https://fd8-photos.leclercdrive.fr/image.ashx?id=3011005&use=l&cat=p&typeid=i","cat":284542},{"id":2073,"n":"AOC Champagne brut rosé Pol Carson - 75cl","p":19.95,"u":"26,60 €/L","img":"https://fd8-photos.leclercdrive.fr/image.ashx?id=1703881&use=l&cat=p&typeid=i","cat":284542},{"id":2074,"n":"AOP Champagne demi-sec blanc Pol Carson - 75cl","p":17.99,"u":"23,99 €/L","img":"https://fd8-photos.leclercdrive.fr/image.ashx?id=2909846&use=l&cat=p&typeid=i","cat":284542},{"id":2075,"n":"AOP Champagne brut Pol Carson - 75cl","p":17.99,"u":"23,99 €/L","img":"https://fd8-photos.leclercdrive.fr/image.ashx?id=2909843&use=l&cat=p&typeid=i","cat":284542},{"id":2078,"n":"Pétillant Gibus pomme Sans alcool 75cl","p":2.31,"u":"3,08 €/L","img":"https://fd8-photos.leclercdrive.fr/image.ashx?id=1887586&use=l&cat=p&typeid=i","cat":289460},{"id":2079,"n":"Cidre bouché Les Goelleries Breton doux 2%vol. - 75cl","p":2.12,"u":"2,83 €/L","img":"https://fd8-photos.leclercdrive.fr/image.ashx?id=2842190&use=l&cat=p&typeid=i","cat":334880},{"id":2080,"n":"Pétillant de Listel Raisin - 2.5%vol - 75cl","p":4.11,"u":"5,48 €/L","img":"https://fd8-photos.leclercdrive.fr/image.ashx?id=2522086&use=l&cat=p&typeid=i","cat":284544},{"id":2082,"n":"AOP Crémant d'Alsace brut Rebmann - 75 cl","p":5.95,"u":"7,93 €/L","img":"https://fd8-photos.leclercdrive.fr/image.ashx?id=2888935&use=l&cat=p&typeid=i","cat":284545},{"id":2087,"n":"Jus de pomme pétillant Champomy L'Original Pomme - 75cl","p":3.01,"u":"4,01 €/L","img":"https://fd8-photos.leclercdrive.fr/image.ashx?id=2688683&use=l&cat=p&typeid=i","cat":289460},{"id":2090,"n":"Emmental fromage bloc Les Croisés - 500g","p":4.19,"u":"8,38 €/KG","img":"https://fd8-photos.leclercdrive.fr/image.ashx?id=2897775&use=l&cat=p&typeid=i","cat":314034},{"id":2095,"n":"Emmental Fromage râpé Les Croisés - 3x70g","p":1.89,"u":"9,00 €/KG","img":"https://fd8-photos.leclercdrive.fr/image.ashx?id=2949406&use=l&cat=p&typeid=i","cat":314035},{"id":2104,"n":"Mousse à la liégeoise Délisse Chocolat - 8x80g","p":2.35,"u":"3,67 €/KG","img":"https://fd8-photos.leclercdrive.fr/image.ashx?id=3009490&use=l&cat=p&typeid=i","cat":284417},{"id":2107,"n":"Lait demi-écrémé Délisse Brique UHT -  1L","p":0.99,"u":"0,99 €/L","img":"https://fd8-photos.leclercdrive.fr/image.ashx?id=2981801&use=l&cat=p&typeid=i","cat":284377},{"id":2111,"n":"Beurre Extra fin Les Croisés Doux - 82% MG - 250g","p":2.35,"u":"9,40 €/KG","img":"https://fd8-photos.leclercdrive.fr/image.ashx?id=2791218&use=l&cat=p&typeid=i","cat":284379},{"id":2112,"n":"Sauce Béchamel Bridélice 3x20cl","p":3.45,"u":"5,75 €/L","img":"https://fd8-photos.leclercdrive.fr/image.ashx?id=2888458&use=l&cat=p&typeid=i","cat":284382},{"id":2121,"n":"Carottes râpées Menu Fraîcheur  Assaisonnées - 300g","p":0.69,"u":"2,30 €/KG","img":"https://fd8-photos.leclercdrive.fr/image.ashx?id=2552403&use=l&cat=p&typeid=i","cat":333657},{"id":2122,"n":"Sandwich Côté Snack Poulet mayo. allégée - 145g","p":1.12,"u":"7,72 €/KG","img":"https://fd8-photos.leclercdrive.fr/image.ashx?id=2892394&use=l&cat=p&typeid=i","cat":333658},{"id":2125,"n":"Tagliatelle fraîche Turini 350g","p":1.19,"u":"3,40 €/KG","img":"https://fd8-photos.leclercdrive.fr/image.ashx?id=2846514&use=l&cat=p&typeid=i","cat":333682},{"id":2126,"n":"Pâte brisée Tablier Blanc Prête à dérouler - 230g","p":0.65,"u":"2,83 €/KG","img":"https://fd8-photos.leclercdrive.fr/image.ashx?id=2635886&use=l&cat=p&typeid=i","cat":333681},{"id":2128,"n":"Bâtonnets Surimi Pêche Océan MSC - x12 - 200g","p":1.38,"u":"6,90 €/KG","img":"https://fd8-photos.leclercdrive.fr/image.ashx?id=2981837&use=l&cat=p&typeid=i","cat":285189},{"id":2129,"n":"Tarama Ronde des mers  Aux oeufs de cabillaud - 100g","p":0.99,"u":"9,90 €/KG","img":"https://fd8-photos.leclercdrive.fr/image.ashx?id=2824600&use=l&cat=p&typeid=i","cat":315999},{"id":2130,"n":"Filets d'anchois Pêche Océan Huile d'olive - 50g","p":1.36,"u":"27,20 €/KG","img":"https://fd8-photos.leclercdrive.fr/image.ashx?id=1671613&use=l&cat=p&typeid=i","cat":285190},{"id":2139,"n":"Gants jetables Mamison latex T7 x10","p":1.33,"img":"https://fd8-photos.leclercdrive.fr/image.ashx?id=2742688&use=l&cat=p&typeid=i","cat":284668},{"id":2141,"n":"Crème nettoyante Clair 3en1 - 750ml","p":1.15,"u":"1,53 €/L","img":"https://fd8-photos.leclercdrive.fr/image.ashx?id=2868310&use=l&cat=p&typeid=i","cat":325357},{"id":2164,"n":"Enveloppes Esquisse adhésives C6 100x80g","p":2.39,"img":"https://fd8-photos.leclercdrive.fr/image.ashx?id=1928740&use=l&cat=p&typeid=i","cat":284697},{"id":2175,"n":"Sucre cristal Saint Louis Sachet 1 kg","p":0.81,"u":"0,81 €/KG","img":"https://fd8-photos.leclercdrive.fr/image.ashx?id=2624245&use=l&cat=p&typeid=i","cat":284502},{"id":2179,"n":"Barres céréales Special K  Kellogg's Chocolat - 6x21,5g","p":2.03,"u":"15,74 €/KG","img":"https://fd8-photos.leclercdrive.fr/image.ashx?id=3011113&use=l&cat=p&typeid=i","cat":285869},{"id":2185,"n":"boisson végétale soja  sans sucre bio bjorg nature 1l","p":1.85,"u":"1,85 €/L","img":"https://fd8-photos.leclercdrive.fr/image.ashx?id=2939385&use=l&cat=p&typeid=i","cat":316067},{"id":2187,"n":"Mascarpone Les Croisés - 250g","p":1.78,"u":"7,12 €/KG","img":"https://fd8-photos.leclercdrive.fr/image.ashx?id=2123620&use=l&cat=p&typeid=i","cat":314026},{"id":2192,"n":"Papier aluminium Elembal 50m","p":4.4,"img":"https://fd8-photos.leclercdrive.fr/image.ashx?id=2940899&use=l&cat=p&typeid=i","cat":334134},{"id":2193,"n":"Film étirable Elembal 2en1 20m","p":1.25,"img":"https://fd8-photos.leclercdrive.fr/image.ashx?id=2059962&use=l&cat=p&typeid=i","cat":334134},{"id":2194,"n":"Sacs congélation Elembal Moyen modèle x50","p":1.08,"img":"https://fd8-photos.leclercdrive.fr/image.ashx?id=2257205&use=l&cat=p&typeid=i","cat":334134},{"id":2195,"n":"Sacs poubelle 30L Elembal Poignées coulissantes - x20","p":2.11,"u":"0,11 €/P","img":"https://fd8-photos.leclercdrive.fr/image.ashx?id=1959157&use=l&cat=p&typeid=i","cat":285168},{"id":2199,"n":"Cassoulet La Belle Chaurienne Canard 4/4 840g","p":3.95,"u":"4,70 €/KG","img":"https://fd8-photos.leclercdrive.fr/image.ashx?id=2837340&use=l&cat=p&typeid=i","cat":284440},{"id":2200,"n":"Muffins nature Epi d'Or x4 - 250g","p":1.51,"u":"6,04 €/KG","img":"https://fd8-photos.leclercdrive.fr/image.ashx?id=2939052&use=l&cat=p&typeid=i","cat":284985},{"id":2201,"n":"Pastis 51 Anisé 45% vol - 1L","p":20.19,"u":"20,19 €/L","img":"https://fd8-photos.leclercdrive.fr/image.ashx?id=2998916&use=l&cat=p&typeid=i","cat":284548},{"id":2217,"n":"Soin dents Polident Anti-bactérien comprimés x108","p":3.79,"u":"0,04 €/P","img":"https://fd8-photos.leclercdrive.fr/image.ashx?id=2557242&use=l&cat=p&typeid=i","cat":285158},{"id":2238,"n":"Arôme vanille Vahiné 200ml","p":1.91,"u":"9,55 €/L","img":"https://fd8-photos.leclercdrive.fr/image.ashx?id=2490551&use=l&cat=p&typeid=i","cat":284504},{"id":2239,"n":"Gélatine alimentaire Vahiné 9 feuilles - 17g","p":1.01,"u":"59,41 €/KG","img":"https://fd8-photos.leclercdrive.fr/image.ashx?id=2876305&use=l&cat=p&typeid=i","cat":284504},{"id":2277,"n":"Gel lubrifiant Intimy Classic - 70ml","p":4.99,"u":"71,29 €/L","img":"https://fd8-photos.leclercdrive.fr/image.ashx?id=2927330&use=l&cat=p&typeid=i","cat":285160},{"id":2281,"n":"Pansements Mercurochrome Famille x50","p":2.25,"u":"0,05 €/P","img":"https://fd8-photos.leclercdrive.fr/image.ashx?id=2731471&use=l&cat=p&typeid=i","cat":284630},{"id":2282,"n":"Bandes à découper Mercurochrome 6cm x10","p":2.85,"img":"https://fd8-photos.leclercdrive.fr/image.ashx?id=2719027&use=l&cat=p&typeid=i","cat":284630},{"id":2305,"n":"Lait Démaquillant Mixa  Anti-dessèchement - 200ml","p":2.99,"u":"14,95 €/L","img":"https://fd8-photos.leclercdrive.fr/image.ashx?id=2285390&use=l&cat=p&typeid=i","cat":284603},{"id":2317,"n":"Mousse Coiffante Franck Provost Cheveux Bouclés - 200ml","p":4.16,"u":"20,80 €/L","img":"https://fd8-photos.leclercdrive.fr/image.ashx?id=2575606&use=l&cat=p&typeid=i","cat":284609},{"id":2336,"n":"Baume soin Après-Rasage Mennen Peaux Sensibles - 100ml","p":3.95,"u":"39,50 €/L","img":"https://fd8-photos.leclercdrive.fr/image.ashx?id=2517905&use=l&cat=p&typeid=i","cat":288147},{"id":2338,"n":"Lotion Après-Rasage Mennen Apaisante - 125ml","p":3.69,"u":"29,52 €/L","img":"https://fd8-photos.leclercdrive.fr/image.ashx?id=2469620&use=l&cat=p&typeid=i","cat":288147},{"id":2373,"n":"Activateur biologique Eparcyl  Liquide fosse septique - 500 ml","p":9.72,"u":"19,44 €/L","img":"https://fd8-photos.leclercdrive.fr/image.ashx?id=2144059&use=l&cat=p&typeid=i","cat":284908},{"id":2484,"n":"Dentifrice Signal Haleine Pure 75ml","p":1.75,"u":"23,33 €/L","img":"https://fd8-photos.leclercdrive.fr/image.ashx?id=1984459&use=l&cat=p&typeid=i","cat":284612},{"id":2504,"n":"Levure de bière Gerblé à saupoudrer - 150g","p":2.79,"u":"18,60 €/KG","img":"https://fd8-photos.leclercdrive.fr/image.ashx?id=2575036&use=l&cat=p&typeid=i","cat":288382},{"id":2505,"n":"Crème au chocolat GERLINEA   Repas minceur - 3x210g","p":4.29,"u":"6,81 €/KG","img":"https://fd8-photos.leclercdrive.fr/image.ashx?id=2653450&use=l&cat=p&typeid=i","cat":318652},{"id":2506,"n":"Coupelle crème Gerlinea Vanille caramel -  3x210g","p":3.72,"u":"5,90 €/KG","img":"https://fd8-photos.leclercdrive.fr/image.ashx?id=2653453&use=l&cat=p&typeid=i","cat":318652},{"id":2510,"n":"Biscuits soja figue GERBLE   - 4x4, 270g","p":2.39,"u":"8,85 €/KG","img":"https://fd8-photos.leclercdrive.fr/image.ashx?id=2812720&use=l&cat=p&typeid=i","cat":318651},{"id":2511,"n":"Biscuits diététiques Gerblé Soja Orange - 280g","p":1.74,"u":"6,21 €/KG","img":"https://fd8-photos.leclercdrive.fr/image.ashx?id=2623166&use=l&cat=p&typeid=i","cat":318651},{"id":2523,"n":"Amandes effilées Couleurs Vives 125g","p":1.99,"u":"15,92 €/KG","img":"https://fd8-photos.leclercdrive.fr/image.ashx?id=2896874&use=l&cat=p&typeid=i","cat":284504},{"id":2525,"n":"Cerneaux noix Couleurs Vives 125g","p":1.78,"u":"14,83 €/KG","img":"https://fd8-photos.leclercdrive.fr/image.ashx?id=2886436&use=l&cat=p&typeid=i","cat":284357},{"id":2530,"n":"Salade Notre Jardin Mâche - 125g","p":0.95,"u":"7,60 €/KG","img":"https://fd8-photos.leclercdrive.fr/image.ashx?id=2655598&use=l&cat=p&typeid=i","cat":284353},{"id":2531,"n":"Salade Notre Jardin Coeurs de laitue - 200g","p":0.99,"u":"4,95 €/KG","img":"https://fd8-photos.leclercdrive.fr/image.ashx?id=2720139&use=l&cat=p&typeid=i","cat":284353},{"id":2532,"n":"Laitue Iceberg Notre Jardin 300g","p":0.89,"u":"2,97 €/KG","img":"https://fd8-photos.leclercdrive.fr/image.ashx?id=2720151&use=l&cat=p&typeid=i","cat":284353},{"id":2542,"n":"Savon mains en gel Palmolive Antibactériens - 300ml","p":1.49,"u":"4,97 €/L","img":"https://fd8-photos.leclercdrive.fr/image.ashx?id=2831068&use=l&cat=p&typeid=i","cat":284597},{"id":2568,"n":"Laque Cheveux L'Oréal Paris Fixation forte - 150ml","p":3.79,"u":"25,27 €/L","img":"https://fd8-photos.leclercdrive.fr/image.ashx?id=2576157&use=l&cat=p&typeid=i","cat":284609},{"id":2570,"n":"Spray Cheveux L'Oréal Paris Fixation Normale - 150ml","p":4.69,"u":"31,27 €/L","img":"https://fd8-photos.leclercdrive.fr/image.ashx?id=2576160&use=l&cat=p&typeid=i","cat":284609},{"id":2571,"n":"Gel Coiffant L'Oréal Paris Ultra Fixant 24H - 150ml","p":3.51,"u":"23,40 €/L","img":"https://fd8-photos.leclercdrive.fr/image.ashx?id=2576163&use=l&cat=p&typeid=i","cat":284609},{"id":2574,"n":"Gel Coiffant L'Oréal Paris Gel Ultra Fixant 24h - 150ml","p":3.79,"u":"25,27 €/L","img":"https://fd8-photos.leclercdrive.fr/image.ashx?id=2833240&use=l&cat=p&typeid=i","cat":284609},{"id":2576,"n":"Soin anti-âge L'Oréal Paris Age Perfect - 50ml","p":8.75,"u":"175,00 €/L","img":"https://fd8-photos.leclercdrive.fr/image.ashx?id=2867356&use=l&cat=p&typeid=i","cat":325345},{"id":2588,"n":"Eau minérale Thonon 6x1.5L","p":3.12,"u":"0,35 €/L","img":"https://fd8-photos.leclercdrive.fr/image.ashx?id=2915557&use=l&cat=p&typeid=i","cat":284535},{"id":2593,"n":"Eau minérale naturelle Contrex 6x50cl","p":1.85,"u":"0,62 €/L","img":"https://fd8-photos.leclercdrive.fr/image.ashx?id=2731714&use=l&cat=p&typeid=i","cat":284535},{"id":2612,"n":"Lait demi-écrémé UHT Délisse  Brique - 6x1L","p":5.94,"u":"0,99 €/L","img":"https://fd8-photos.leclercdrive.fr/image.ashx?id=2970539&use=l&cat=p&typeid=i","cat":284377},{"id":2613,"n":"Lait demi-écrémé UHT Délisse Bouteille - 6x1L","p":6.3,"u":"1,05 €/L","img":"https://fd8-photos.leclercdrive.fr/image.ashx?id=2970533&use=l&cat=p&typeid=i","cat":284377},{"id":2614,"n":"Lait demi-écrémé Délisse UHT Bouteille -  6x50cl","p":4.74,"u":"1,58 €/L","img":"https://fd8-photos.leclercdrive.fr/image.ashx?id=2970560&use=l&cat=p&typeid=i","cat":284377},{"id":2617,"n":"Lait Bio demi-écrémé Lactel UHT Bouteille - 6x50cl","p":6.61,"u":"2,20 €/L","img":"https://fd8-photos.leclercdrive.fr/image.ashx?id=2892766&use=l&cat=p&typeid=i","cat":284377},{"id":2619,"n":"Lait bio Bio Village Bouteille  Demi-écrémé UHT -  6x1L","p":6.48,"u":"1,08 €/L","img":"https://fd8-photos.leclercdrive.fr/image.ashx?id=2969997&use=l&cat=p&typeid=i","cat":284377},{"id":2623,"n":"Joker Pur Jus Engagé  Multifruits - 1L","p":2.29,"u":"2,29 €/L","img":"https://fd8-photos.leclercdrive.fr/image.ashx?id=3001287&use=l&cat=p&typeid=i","cat":284917},{"id":2650,"n":"Whisky William Lawson's Finest Blend 40° - 100cl","p":17.88,"u":"17,88 €/L","img":"https://fd8-photos.leclercdrive.fr/image.ashx?id=2966134&use=l&cat=p&typeid=i","cat":284547},{"id":2722,"n":"Yaourts aromatisés Délisse Vanille - 8x125g","p":2.58,"u":"2,58 €/KG","img":"https://fd8-photos.leclercdrive.fr/image.ashx?id=1541381&use=l&cat=p&typeid=i","cat":286006},{"id":2729,"n":"Pistaches grillées à sec Tokapi 300g","p":3.86,"u":"12,87 €/KG","img":"https://fd8-photos.leclercdrive.fr/image.ashx?id=2795541&use=l&cat=p&typeid=i","cat":284448},{"id":2737,"n":"Eau minérale Des Alpes  6x1.5L","p":2.1,"u":"0,23 €/L","img":"https://fd8-photos.leclercdrive.fr/image.ashx?id=2768667&use=l&cat=p&typeid=i","cat":284535},{"id":2742,"n":"Eau gazeuse San Pellegrino Minérale naturelle - 6x1L","p":3.84,"u":"0,64 €/L","img":"https://fd8-photos.leclercdrive.fr/image.ashx?id=2740316&use=l&cat=p&typeid=i","cat":284536},{"id":2743,"n":"Eau gazeuse  Badoit verte finement pétillante - 6x50cl","p":2.94,"u":"0,98 €/L","img":"https://fd8-photos.leclercdrive.fr/image.ashx?id=2983081&use=l&cat=p&typeid=i","cat":284536},{"id":2749,"n":"Lait entier Délisse UHT - Bouteille : 6x1L","p":7.74,"u":"1,29 €/L","img":"https://fd8-photos.leclercdrive.fr/image.ashx?id=2970569&use=l&cat=p&typeid=i","cat":285610},{"id":2757,"n":"Lait Bio demi-écrémé Lactel  UHT Bouteille - 6x1l","p":9.49,"u":"1,58 €/L","img":"https://fd8-photos.leclercdrive.fr/image.ashx?id=2886918&use=l&cat=p&typeid=i","cat":284377},{"id":2776,"n":"Crème Mains Réparatrice Mixa Mains abîmées - 100ml","p":2.4,"u":"24,00 €/L","img":"https://fd8-photos.leclercdrive.fr/image.ashx?id=2276024&use=l&cat=p&typeid=i","cat":325354},{"id":2777,"n":"Crème mains protectrice Mixa Anti-dessèchement - 100ml","p":2.14,"u":"21,40 €/L","img":"https://fd8-photos.leclercdrive.fr/image.ashx?id=2299873&use=l&cat=p&typeid=i","cat":325354},{"id":2779,"n":"Whisky William Lawson's Finest Blend 40° - 70cl","p":13.59,"u":"19,41 €/L","img":"https://fd8-photos.leclercdrive.fr/image.ashx?id=2848340&use=l&cat=p&typeid=i","cat":284547},{"id":2799,"n":"Fromage frais Délisse Fruits panachés - 24x50g","p":2.88,"u":"2,40 €/KG","img":"https://fd8-photos.leclercdrive.fr/image.ashx?id=2922494&use=l&cat=p&typeid=i","cat":284414},{"id":2802,"n":"Flûte pain  400g","p":0.7,"u":"1,75 €/KG","img":"https://fd8-photos.leclercdrive.fr/image.ashx?id=557801&use=l&cat=p&typeid=i","cat":284359},{"id":2813,"n":"Pizza Chèvre Turini Cuite au feu de bois - 420g","p":2.21,"u":"5,26 €/KG","img":"https://fd8-photos.leclercdrive.fr/image.ashx?id=2815214&use=l&cat=p&typeid=i","cat":284256},{"id":2814,"n":"Pizza 4 fromages Turini Cuite au feu de bois - 420g","p":2.23,"u":"5,31 €/KG","img":"https://fd8-photos.leclercdrive.fr/image.ashx?id=2815211&use=l&cat=p&typeid=i","cat":284256},{"id":2835,"n":"Carotte  2kg","p":3.29,"u":"1,65 €/KG","img":"https://fd8-photos.leclercdrive.fr/image.ashx?id=1631892&use=l&cat=p&typeid=i","cat":284352},{"id":2845,"n":"Glace Cône Nestlé Extrême Rhum raisins x6 - 426g","p":3.22,"u":"7,56 €/KG","img":"https://fd8-photos.leclercdrive.fr/image.ashx?id=2729848&use=l&cat=p&typeid=i","cat":284264},{"id":2868,"n":"Légumes pour pot au feu  1kg","p":3.49,"u":"3,49 €/KG","img":"https://fd8-photos.leclercdrive.fr/image.ashx?id=615314&use=l&cat=p&typeid=i","cat":284352},{"id":2872,"n":"Poireau Botte 1kg","p":2.59,"u":"2,59 €/KG","img":"https://fd8-photos.leclercdrive.fr/image.ashx?id=1633169&use=l&cat=p&typeid=i","cat":284352},{"id":2875,"n":"Pains aux raisins  4x1P","p":3.25,"u":"0,81 €/P","img":"https://fd8-photos.leclercdrive.fr/image.ashx?id=557978&use=l&cat=p&typeid=i","cat":284984},{"id":2896,"n":"Endive Sachet 1kg","p":2.99,"u":"2,99 €/KG","img":"https://fd8-photos.leclercdrive.fr/image.ashx?id=558004&use=l&cat=p&typeid=i","cat":284352},{"id":2905,"n":"Steak haché Charal 5%mg - 400g","p":8.79,"u":"21,98 €/KG","img":"https://fd8-photos.leclercdrive.fr/image.ashx?id=1889171&use=l&cat=p&typeid=i","cat":284332},{"id":2929,"n":"Biscuits raisins GERBLE   - 4x4, 270g","p":2.19,"u":"8,11 €/KG","img":"https://fd8-photos.leclercdrive.fr/image.ashx?id=2662298&use=l&cat=p&typeid=i","cat":318651},{"id":2930,"n":"Biscuits pomme noisette GERBLE   4x4 - 230g","p":1.71,"u":"7,43 €/KG","img":"https://fd8-photos.leclercdrive.fr/image.ashx?id=2967753&use=l&cat=p&typeid=i","cat":318651},{"id":2932,"n":"Biscuit miel sésame GERBLE  - 6x3,  162g","p":2.37,"u":"14,63 €/KG","img":"https://fd8-photos.leclercdrive.fr/image.ashx?id=2662277&use=l&cat=p&typeid=i","cat":318651},{"id":2933,"n":"Germe de blé Gerblé 250g","p":1.79,"u":"7,16 €/KG","img":"https://fd8-photos.leclercdrive.fr/image.ashx?id=2575060&use=l&cat=p&typeid=i","cat":288382},{"id":2934,"n":"Barres Amande GERBLE   - 6 sachets 150g","p":1.75,"u":"11,67 €/KG","img":"https://fd8-photos.leclercdrive.fr/image.ashx?id=2664088&use=l&cat=p&typeid=i","cat":318652},{"id":2935,"n":"Biscuits écorce confite GERBLE   - 4x5,  360g","p":1.95,"u":"5,42 €/KG","img":"https://fd8-photos.leclercdrive.fr/image.ashx?id=2662907&use=l&cat=p&typeid=i","cat":318651},{"id":2937,"n":"Biscuits goûter chocolat GERBLE  - 3x4,  250g","p":1.75,"u":"7,00 €/KG","img":"https://fd8-photos.leclercdrive.fr/image.ashx?id=2625181&use=l&cat=p&typeid=i","cat":318651},{"id":2938,"n":"Biscuits germe de blé GERBLE   - 5x5, 210g","p":1.53,"u":"7,29 €/KG","img":"https://fd8-photos.leclercdrive.fr/image.ashx?id=2573540&use=l&cat=p&typeid=i","cat":318651},{"id":2950,"n":"Biscuits lait chocolat GERBLE   - 5x4, 230g","p":1.79,"u":"7,78 €/KG","img":"https://fd8-photos.leclercdrive.fr/image.ashx?id=2575030&use=l&cat=p&typeid=i","cat":318651},{"id":2951,"n":"Biscuit chocolat GERLINEA  Encas minceur - 4x4, 200g","p":1.88,"u":"9,40 €/KG","img":"https://fd8-photos.leclercdrive.fr/image.ashx?id=2654770&use=l&cat=p&typeid=i","cat":318652},{"id":2965,"n":"Cereales Country Store Kellogg's - 750g","p":3.75,"u":"5,00 €/KG","img":"https://fd8-photos.leclercdrive.fr/image.ashx?id=2947805&use=l&cat=p&typeid=i","cat":309512},{"id":2969,"n":"Sticks et bretzels Tokapi 300g","p":1.2,"u":"4,00 €/KG","img":"https://fd8-photos.leclercdrive.fr/image.ashx?id=2431104&use=l&cat=p&typeid=i","cat":297000},{"id":2971,"n":"Chips ondulées Pom'Lisse  Nature - 150g","p":0.93,"u":"6,20 €/KG","img":"https://fd8-photos.leclercdrive.fr/image.ashx?id=2657196&use=l&cat=p&typeid=i","cat":284447},{"id":2973,"n":"Chips Pom'Lisse Barbecue - 135g","p":0.89,"u":"6,59 €/KG","img":"https://fd8-photos.leclercdrive.fr/image.ashx?id=2774046&use=l&cat=p&typeid=i","cat":284447},{"id":2988,"n":"Dessert fruits mixés Sojasun Framboise / Passion - 4x100g","p":1.75,"u":"4,38 €/KG","img":"https://fd8-photos.leclercdrive.fr/image.ashx?id=2355671&use=l&cat=p&typeid=i","cat":316071},{"id":2994,"n":"Chicorée soluble Leroux Nature - 200g","p":4.25,"u":"21,25 €/KG","img":"https://fd8-photos.leclercdrive.fr/image.ashx?id=2693512&use=l&cat=p&typeid=i","cat":284843},{"id":3010,"n":"Sauce Mexicaine Tables du Monde Hot - 315g","p":1.49,"u":"4,73 €/KG","img":"https://fd8-photos.leclercdrive.fr/image.ashx?id=2476960&use=l&cat=p&typeid=i","cat":288993},{"id":3011,"n":"Sauce Mexicaine Tables du Monde Medium - 315g","p":1.49,"u":"4,73 €/KG","img":"https://fd8-photos.leclercdrive.fr/image.ashx?id=2476963&use=l&cat=p&typeid=i","cat":288993},{"id":3012,"n":"Sauce Fajitas Tables du Monde 430g","p":1.97,"u":"4,58 €/KG","img":"https://fd8-photos.leclercdrive.fr/image.ashx?id=2470228&use=l&cat=p&typeid=i","cat":288993},{"id":3013,"n":"Pain de mie 7 céréales Epi d'Or Grandes tranches - 550g","p":1.19,"u":"2,16 €/KG","img":"https://fd8-photos.leclercdrive.fr/image.ashx?id=1959532&use=l&cat=p&typeid=i","cat":284477},{"id":3014,"n":"Brioche tressée Epi d'Or Pépites de chocolat - 600g","p":2.36,"u":"3,93 €/KG","img":"https://fd8-photos.leclercdrive.fr/image.ashx?id=2867898&use=l&cat=p&typeid=i","cat":284478},{"id":3028,"n":"Brioche tranchée Epi d'Or Pépites de chocolat 500g","p":2.09,"u":"4,18 €/KG","img":"https://fd8-photos.leclercdrive.fr/image.ashx?id=2867901&use=l&cat=p&typeid=i","cat":284478},{"id":3029,"n":"Gâche vendéenne IGP NRT 400g","p":2.65,"u":"6,63 €/KG","img":"https://fd8-photos.leclercdrive.fr/image.ashx?id=2670404&use=l&cat=p&typeid=i","cat":284478},{"id":3033,"n":"Pâtes fraîches Turini Fettuccini - 350g","p":1.49,"u":"4,26 €/KG","img":"https://fd8-photos.leclercdrive.fr/image.ashx?id=2882313&use=l&cat=p&typeid=i","cat":333682},{"id":3034,"n":"Fromage Parmesan Parmareggio 60g","p":1.49,"u":"24,83 €/KG","img":"https://fd8-photos.leclercdrive.fr/image.ashx?id=2975458&use=l&cat=p&typeid=i","cat":314035},{"id":3040,"n":"Beurre moulé bio Bio Village Doux - 82% MG - 250g","p":2.99,"u":"11,96 €/KG","img":"https://fd8-photos.leclercdrive.fr/image.ashx?id=2437052&use=l&cat=p&typeid=i","cat":284379},{"id":3041,"n":"Beurre moulé bio Bio Village Demi-sel - 80% MG - 250g","p":2.99,"u":"11,96 €/KG","img":"https://fd8-photos.leclercdrive.fr/image.ashx?id=2437055&use=l&cat=p&typeid=i","cat":284379},{"id":3052,"n":"Dentifrice Menthe Fluoryl Gencives Sensibles - 75ml","p":2.15,"u":"28,67 €/L","img":"https://fd8-photos.leclercdrive.fr/image.ashx?id=2473312&use=l&cat=p&typeid=i","cat":284612},{"id":3055,"n":"Gel à raser féminin Siliss Velours abricot - 200ml","p":1.69,"u":"8,45 €/L","img":"https://fd8-photos.leclercdrive.fr/image.ashx?id=2699408&use=l&cat=p&typeid=i","cat":325352},{"id":3066,"n":"Tampons Doulys avec applicateur Normal - x24","p":2.46,"u":"0,10 €/P","img":"https://fd8-photos.leclercdrive.fr/image.ashx?id=2965449&use=l&cat=p&typeid=i","cat":284626},{"id":3070,"n":"Serviette hygiénique Doulys Ultra - Normal+  - x14","p":1.29,"u":"0,09 €/P","img":"https://fd8-photos.leclercdrive.fr/image.ashx?id=2838915&use=l&cat=p&typeid=i","cat":284624},{"id":3072,"n":"Serviette hygiénique Doulys Maxi confort - Super - x16","p":1.45,"u":"0,09 €/P","img":"https://fd8-photos.leclercdrive.fr/image.ashx?id=2838912&use=l&cat=p&typeid=i","cat":284624},{"id":3089,"n":"Sauce Béchamel Elle&Vire au Lait Entier - 33cl","p":2.09,"u":"6,33 €/L","img":"https://fd8-photos.leclercdrive.fr/image.ashx?id=2835992&use=l&cat=p&typeid=i","cat":284382},{"id":3091,"n":"Cordons bleus Maître coq Poulet - 1kg","p":7.65,"u":"7,65 €/KG","img":"https://fd8-photos.leclercdrive.fr/image.ashx?id=2762103&use=l&cat=p&typeid=i","cat":333683},{"id":3099,"n":"Mini cakes P'tit Déli  aux fruits x10","p":2.98,"u":"9,93 €/KG","img":"https://fd8-photos.leclercdrive.fr/image.ashx?id=2047019&use=l&cat=p&typeid=i","cat":284493},{"id":3101,"n":"Biscuits fourrés Chamonix LU Orange - 250g","p":1.82,"u":"7,28 €/KG","img":"https://fd8-photos.leclercdrive.fr/image.ashx?id=2982982&use=l&cat=p&typeid=i","cat":284489},{"id":3104,"n":"Sablés P'tit Déli Fourrés Figue x16 - 165g","p":1.09,"u":"6,61 €/KG","img":"https://fd8-photos.leclercdrive.fr/image.ashx?id=2753372&use=l&cat=p&typeid=i","cat":284489},{"id":3106,"n":"Biscuits Cookies P'tit Déli Noix coco Chocolat - 200g","p":1.39,"u":"6,95 €/KG","img":"https://fd8-photos.leclercdrive.fr/image.ashx?id=2896853&use=l&cat=p&typeid=i","cat":325066},{"id":3107,"n":"Biscuits petit beurre LU Pocket - 300g","p":2.19,"u":"7,30 €/KG","img":"https://fd8-photos.leclercdrive.fr/image.ashx?id=3001940&use=l&cat=p&typeid=i","cat":284487},{"id":3108,"n":"Biscuits petit déjeuner Prince Céréales - 300g","p":2.29,"u":"7,63 €/KG","img":"https://fd8-photos.leclercdrive.fr/image.ashx?id=2346648&use=l&cat=p&typeid=i","cat":284491},{"id":3123,"n":"Plat bébé Blédina 8 mois  Pomme de terre poulet - 2x200g","p":2.32,"u":"5,80 €/KG","img":"https://fd8-photos.leclercdrive.fr/image.ashx?id=2975056&use=l&cat=p&typeid=i","cat":312236},{"id":3142,"n":"Café et Chicorée Soluble Ricoré  Original - 100g","p":2.89,"u":"28,90 €/KG","img":"https://fd8-photos.leclercdrive.fr/image.ashx?id=2951542&use=l&cat=p&typeid=i","cat":284843},{"id":3144,"n":"Chocolat Tablette d'Or noir Extra 47% cacao 3x100g","p":2.77,"u":"9,23 €/KG","img":"https://fd8-photos.leclercdrive.fr/image.ashx?id=2982889&use=l&cat=p&typeid=i","cat":284956},{"id":3147,"n":"Madeleines P'tit déli coquilles 500g","p":1.7,"u":"3,40 €/KG","img":"https://fd8-photos.leclercdrive.fr/image.ashx?id=2999484&use=l&cat=p&typeid=i","cat":284492},{"id":3151,"n":"Café moulu Plantation  Tradition - 250g","p":2.52,"u":"10,08 €/KG","img":"https://fd8-photos.leclercdrive.fr/image.ashx?id=2607401&use=l&cat=p&typeid=i","cat":284750},{"id":3152,"n":"Café Plantation  Kenya - 250g","p":3.92,"u":"15,68 €/KG","img":"https://fd8-photos.leclercdrive.fr/image.ashx?id=2607431&use=l&cat=p&typeid=i","cat":284750},{"id":3158,"n":"Café moulu Plantation  doux - 2x250g","p":6.88,"u":"13,76 €/KG","img":"https://fd8-photos.leclercdrive.fr/image.ashx?id=2607428&use=l&cat=p&typeid=i","cat":284750},{"id":3166,"n":"Dessert fruitier pomme Douceur du Verger 16x100g","p":2.8,"u":"1,75 €/KG","img":"https://fd8-photos.leclercdrive.fr/image.ashx?id=1929301&use=l&cat=p&typeid=i","cat":284416},{"id":3168,"n":"Porc au caramel Riz parfumé Marie à la sauce nuoc-mâm -300g","p":4.55,"u":"15,17 €/KG","img":"https://fd8-photos.leclercdrive.fr/image.ashx?id=2317864&use=l&cat=p&typeid=i","cat":333665},{"id":3169,"n":"Tortellini iTurini Ricotta épinard - 300g","p":1.48,"u":"4,93 €/KG","img":"https://fd8-photos.leclercdrive.fr/image.ashx?id=2869266&use=l&cat=p&typeid=i","cat":333682},{"id":3171,"n":"Tortellini Turini Jambon cru - 250g","p":1.96,"u":"7,84 €/KG","img":"https://fd8-photos.leclercdrive.fr/image.ashx?id=2778039&use=l&cat=p&typeid=i","cat":333682},{"id":3192,"n":"Détachant sans javel Textil 2L","p":3.19,"u":"1,60 €/L","img":"https://fd8-photos.leclercdrive.fr/image.ashx?id=2988036&use=l&cat=p&typeid=i","cat":284651},{"id":3195,"n":"Coton Primoplast prédécoupé 100g","p":0.98,"u":"9,80 €/KG","img":"https://fd8-photos.leclercdrive.fr/image.ashx?id=2856453&use=l&cat=p&typeid=i","cat":284630},{"id":3200,"n":"Petits pains grillés Epi d'Or  Froment - 225g","p":0.79,"u":"3,51 €/KG","img":"https://fd8-photos.leclercdrive.fr/image.ashx?id=2496410&use=l&cat=p&typeid=i","cat":284479},{"id":3208,"n":"Confiture Allégée aux Fraises Andros - 350g","p":1.85,"u":"5,29 €/KG","img":"https://fd8-photos.leclercdrive.fr/image.ashx?id=2911229&use=l&cat=p&typeid=i","cat":284480},{"id":3212,"n":"Farine pour pain Francine Multi-céréales - 1,5kg","p":2.32,"u":"1,55 €/KG","img":"https://fd8-photos.leclercdrive.fr/image.ashx?id=2220611&use=l&cat=p&typeid=i","cat":284503},{"id":3215,"n":"Riz long Comptoir du Grain Etuvé - 1kg","p":1.72,"u":"1,72 €/KG","img":"https://fd8-photos.leclercdrive.fr/image.ashx?id=2076640&use=l&cat=p&typeid=i","cat":284428},{"id":3217,"n":"Riz Basmati Comptoir du Grain Sélection Riz long - 500g","p":1.35,"u":"2,70 €/KG","img":"https://fd8-photos.leclercdrive.fr/image.ashx?id=2076643&use=l&cat=p&typeid=i","cat":284428},{"id":3220,"n":"Céréales Tipiak - Blé Maïs Soja Prêt en 4 min - 400g","p":1.12,"u":"2,80 €/KG","img":"https://fd8-photos.leclercdrive.fr/image.ashx?id=2989144&use=l&cat=p&typeid=i","cat":284429},{"id":3221,"n":"Purée pomme de terre Pom'lisse Nature - 8x125g - 1kg","p":3.19,"u":"3,19 €/KG","img":"https://fd8-photos.leclercdrive.fr/image.ashx?id=2929864&use=l&cat=p&typeid=i","cat":284431},{"id":3223,"n":"Pâtes capellini Panzani 500g","p":1.19,"u":"2,38 €/KG","img":"https://fd8-photos.leclercdrive.fr/image.ashx?id=2876038&use=l&cat=p&typeid=i","cat":284427},{"id":3224,"n":"Pâtes Barilla Spaghetti n°5 - 1kg","p":1.92,"u":"1,92 €/KG","img":"https://fd8-photos.leclercdrive.fr/image.ashx?id=2481182&use=l&cat=p&typeid=i","cat":284427},{"id":3225,"n":"Pâtes Lasagnes Panzani - 500G","p":2.04,"u":"4,08 €/KG","img":"https://fd8-photos.leclercdrive.fr/image.ashx?id=2896105&use=l&cat=p&typeid=i","cat":284427},{"id":3226,"n":"Pâtes cannelloni Panzani  A farcir - 250g","p":1.38,"u":"5,52 €/KG","img":"https://fd8-photos.leclercdrive.fr/image.ashx?id=2896108&use=l&cat=p&typeid=i","cat":284427},{"id":3233,"n":"Haricots verts Notre Jardin Extra fins - 220g","p":1.89,"u":"8,59 €/KG","img":"https://fd8-photos.leclercdrive.fr/image.ashx?id=2050621&use=l&cat=p&typeid=i","cat":312606},{"id":3239,"n":"Biscuit Petit beurre P'tit Déli Tablette chocolat noir - 150g","p":1.37,"u":"9,13 €/KG","img":"https://fd8-photos.leclercdrive.fr/image.ashx?id=2949170&use=l&cat=p&typeid=i","cat":284488},{"id":3240,"n":"Biscuit Petit beurre P'tit Déli Tablette lait noisette - 150g","p":1.61,"u":"10,73 €/KG","img":"https://fd8-photos.leclercdrive.fr/image.ashx?id=2523673&use=l&cat=p&typeid=i","cat":284488},{"id":3253,"n":"Escargots Maître Coquille De Bourgogne x48 - 355g","p":12.99,"u":"36,59 €/KG","img":"https://fd8-photos.leclercdrive.fr/image.ashx?id=1979671&use=l&cat=p&typeid=i","cat":319775},{"id":3255,"n":"Bûche glacée Eskiss Fruits exotiques - 570g","p":3.86,"u":"6,77 €/KG","img":"https://fd8-photos.leclercdrive.fr/image.ashx?id=2209846&use=l&cat=p&typeid=i","cat":284266},{"id":3256,"n":"Bûche glacée Eskiss Crème brulée - 527g","p":3.75,"u":"7,12 €/KG","img":"https://fd8-photos.leclercdrive.fr/image.ashx?id=2791257&use=l&cat=p&typeid=i","cat":284266},{"id":3257,"n":"Bûche glacée Eskiss 3 chocolats - 536g","p":3.49,"u":"6,51 €/KG","img":"https://fd8-photos.leclercdrive.fr/image.ashx?id=2209711&use=l&cat=p&typeid=i","cat":284266},{"id":3258,"n":"Champignons Paris Notre Jardin Pieds et morceaux - 460g","p":2.29,"u":"4,98 €/KG","img":"https://fd8-photos.leclercdrive.fr/image.ashx?id=2553893&use=l&cat=p&typeid=i","cat":312610},{"id":3260,"n":"Noix de Saint Jacques NRT de la baie de St-Brieuc - 300g","p":14.99,"u":"49,97 €/KG","img":"https://fd8-photos.leclercdrive.fr/image.ashx?id=2801064&use=l&cat=p&typeid=i","cat":319787},{"id":3262,"n":"Carottes Notre Jardin Extra-fines - 530g","p":1.69,"u":"3,19 €/KG","img":"https://fd8-photos.leclercdrive.fr/image.ashx?id=2987976&use=l&cat=p&typeid=i","cat":312607},{"id":3263,"n":"Champignons Paris Notre Jardin Entiers - 460g","p":2.69,"u":"5,85 €/KG","img":"https://fd8-photos.leclercdrive.fr/image.ashx?id=2553887&use=l&cat=p&typeid=i","cat":312610},{"id":3269,"n":"Coeurs de palmiers Notre Jardin Extra tendres - 220g","p":2.27,"u":"10,32 €/KG","img":"https://fd8-photos.leclercdrive.fr/image.ashx?id=836744&use=l&cat=p&typeid=i","cat":312611},{"id":3270,"n":"Coeurs de palmiers Notre Jardin Extra tendres - 250g","p":4.74,"u":"18,96 €/KG","img":"https://fd8-photos.leclercdrive.fr/image.ashx?id=2599137&use=l&cat=p&typeid=i","cat":312611},{"id":3271,"n":"Maïs Notre Jardin Tendre - 3x140g","p":1.89,"u":"4,50 €/KG","img":"https://fd8-photos.leclercdrive.fr/image.ashx?id=2074653&use=l&cat=p&typeid=i","cat":312611},{"id":3272,"n":"Asperges blanches grosses Notre Jardin - 320g","p":3.49,"u":"10,91 €/KG","img":"https://fd8-photos.leclercdrive.fr/image.ashx?id=2049016&use=l&cat=p&typeid=i","cat":312611},{"id":3273,"n":"Sardines tomate Pêche Océan 3x69g","p":2.49,"u":"12,03 €/KG","img":"https://fd8-photos.leclercdrive.fr/image.ashx?id=2659076&use=l&cat=p&typeid=i","cat":305146},{"id":3277,"n":"Chips à l'ancienne Pom'lisse Nature - 6x30g","p":1.58,"u":"8,78 €/KG","img":"https://fd8-photos.leclercdrive.fr/image.ashx?id=2657193&use=l&cat=p&typeid=i","cat":284447},{"id":3282,"n":"Moutarde Amora Mi-forte - 230g Divers coloris","p":1.99,"u":"8,65 €/KG","img":"https://fd8-photos.leclercdrive.fr/image.ashx?id=2504473&use=l&cat=p&typeid=i","cat":288850},{"id":3285,"n":"Vinaigre balsamique Rustica 50cl","p":1.57,"u":"3,14 €/L","img":"https://fd8-photos.leclercdrive.fr/image.ashx?id=2765701&use=l&cat=p&typeid=i","cat":298543},{"id":3292,"n":"Tomates pelées Notre Jardin Entières - 238g","p":0.85,"u":"3,57 €/KG","img":"https://fd8-photos.leclercdrive.fr/image.ashx?id=2190002&use=l&cat=p&typeid=i","cat":312608},{"id":3305,"n":"Sauce Provençale Turini 420g","p":0.97,"u":"2,31 €/KG","img":"https://fd8-photos.leclercdrive.fr/image.ashx?id=2047010&use=l&cat=p&typeid=i","cat":287599},{"id":3307,"n":"Cidre bouché Les Goelleries Normand brut 5.5%vol. - 75cl","p":1.79,"u":"2,39 €/L","img":"https://fd8-photos.leclercdrive.fr/image.ashx?id=2842193&use=l&cat=p&typeid=i","cat":334880},{"id":3309,"n":"Pur jus de pomme Jafaden 1L","p":1.34,"u":"1,34 €/L","img":"https://fd8-photos.leclercdrive.fr/image.ashx?id=2955632&use=l&cat=p&typeid=i","cat":284522},{"id":3310,"n":"Pur jus de pomme Bio Village Bio - 1L","p":1.49,"u":"1,49 €/L","img":"https://fd8-photos.leclercdrive.fr/image.ashx?id=2901527&use=l&cat=p&typeid=i","cat":284522},{"id":3311,"n":"Thé glacé Fresh Tea Pêche - 1,5L","p":1.25,"u":"0,83 €/L","img":"https://fd8-photos.leclercdrive.fr/image.ashx?id=2982601&use=l&cat=p&typeid=i","cat":295019},{"id":3316,"n":"Sirop Frucci Grenadine - 1L","p":2.76,"u":"2,76 €/L","img":"https://fd8-photos.leclercdrive.fr/image.ashx?id=2954073&use=l&cat=p&typeid=i","cat":295020},{"id":3338,"n":"Protège-slips Doulys Mince - Plié - x30","p":1.25,"u":"0,04 €/P","img":"https://fd8-photos.leclercdrive.fr/image.ashx?id=2824129&use=l&cat=p&typeid=i","cat":284625},{"id":3341,"n":"AOC Vin doux Muscat Dauré  rivesaltes 15.5%vol - 75 cl","p":6.19,"u":"8,25 €/L","img":"https://fd8-photos.leclercdrive.fr/image.ashx?id=2865680&use=l&cat=p&typeid=i","cat":284913},{"id":3343,"n":"Vodka Poliakov 37.5%vol - 70cl","p":11.19,"u":"15,99 €/L","img":"https://fd8-photos.leclercdrive.fr/image.ashx?id=2810759&use=l&cat=p&typeid=i","cat":284550},{"id":3344,"n":"Nectar Jafaden Banane - 1L","p":2.09,"u":"2,09 €/L","img":"https://fd8-photos.leclercdrive.fr/image.ashx?id=2955701&use=l&cat=p&typeid=i","cat":284915},{"id":3345,"n":"Nectar Jafaden Poire - 1L","p":2.49,"u":"2,49 €/L","img":"https://fd8-photos.leclercdrive.fr/image.ashx?id=2955695&use=l&cat=p&typeid=i","cat":284915},{"id":3355,"n":"World Mix Haribo Sachet bonbons - 500g","p":3.59,"u":"7,18 €/KG","img":"https://fd8-photos.leclercdrive.fr/image.ashx?id=2805207&use=l&cat=p&typeid=i","cat":304250},{"id":3356,"n":"Banan's Haribo Sachet bonbons - 300g","p":1.35,"u":"4,50 €/KG","img":"https://fd8-photos.leclercdrive.fr/image.ashx?id=1739936&use=l&cat=p&typeid=i","cat":304250},{"id":3359,"n":"Compote Andros Pomme 750g","p":1.55,"u":"2,07 €/KG","img":"https://fd8-photos.leclercdrive.fr/image.ashx?id=2327716&use=l&cat=p&typeid=i","cat":284508},{"id":3361,"n":"Pâtée chats Gourmet gold Mousselines 4x85g","p":1.86,"u":"5,47 €/KG","img":"https://fd8-photos.leclercdrive.fr/image.ashx?id=2711103&use=l&cat=p&typeid=i","cat":285286},{"id":3364,"n":"Huile de douche Manava Bien être oriental 250ml","p":1.16,"u":"4,64 €/L","img":"https://fd8-photos.leclercdrive.fr/image.ashx?id=2809659&use=l&cat=p&typeid=i","cat":284594},{"id":3372,"n":"Terrines Tous Mes Amis Pour chats  3 saveurs - 3x400g","p":3.29,"u":"2,74 €/KG","img":"https://fd8-photos.leclercdrive.fr/image.ashx?id=559162&use=l&cat=p&typeid=i","cat":285601},{"id":3373,"n":"Tortillas Tables du Monde Galettes de blé x8 320g","p":1.71,"u":"5,34 €/KG","img":"https://fd8-photos.leclercdrive.fr/image.ashx?id=2679729&use=l&cat=p&typeid=i","cat":288993},{"id":3376,"n":"Café moulu Bio Village Bio  Pérou - 250g","p":4.21,"u":"16,84 €/KG","img":"https://fd8-photos.leclercdrive.fr/image.ashx?id=2552436&use=l&cat=p&typeid=i","cat":284750},{"id":3378,"n":"Litchis  500g","p":2.99,"u":"5,98 €/KG","img":"https://fd8-photos.leclercdrive.fr/image.ashx?id=1636365&use=l&cat=p&typeid=i","cat":284356},{"id":3387,"n":"Gel à raser Carré Homme Vitaminé protecteur 200ml","p":1.89,"u":"9,45 €/L","img":"https://fd8-photos.leclercdrive.fr/image.ashx?id=2704642&use=l&cat=p&typeid=i","cat":284617},{"id":3395,"n":"Dentifrice Dentamyl Aux plantes 75ml","p":0.94,"u":"12,53 €/L","img":"https://fd8-photos.leclercdrive.fr/image.ashx?id=2489104&use=l&cat=p&typeid=i","cat":284612},{"id":3401,"n":"Serviette hygiénique Doulys Maxi - Spécial nuit - x12","p":0.95,"u":"0,08 €/P","img":"https://fd8-photos.leclercdrive.fr/image.ashx?id=2838927&use=l&cat=p&typeid=i","cat":284624},{"id":3412,"n":"Soupe de poissons Régal Soupe 1L","p":2.69,"u":"2,69 €/L","img":"https://fd8-photos.leclercdrive.fr/image.ashx?id=2047841&use=l&cat=p&typeid=i","cat":287366},{"id":3413,"n":"Asperges blanches Notre Jardin Pointes - 110g","p":2.35,"u":"21,36 €/KG","img":"https://fd8-photos.leclercdrive.fr/image.ashx?id=2049022&use=l&cat=p&typeid=i","cat":312611},{"id":3416,"n":"Ratatouille Notre Jardin A la provençale - 750g","p":1.29,"u":"1,72 €/KG","img":"https://fd8-photos.leclercdrive.fr/image.ashx?id=2526291&use=l&cat=p&typeid=i","cat":312612},{"id":3424,"n":"Plat moussaka Côté table 850g","p":4.63,"u":"5,45 €/KG","img":"https://fd8-photos.leclercdrive.fr/image.ashx?id=2045175&use=l&cat=p&typeid=i","cat":284254},{"id":3428,"n":"Feuilletés paniers Côté Table St Jacques Fruits de mer 4x100g","p":4.45,"u":"11,13 €/KG","img":"https://fd8-photos.leclercdrive.fr/image.ashx?id=2549379&use=l&cat=p&typeid=i","cat":319776},{"id":3429,"n":"Lasagnes bolognaises Côté table 1kg","p":3.49,"u":"3,49 €/KG","img":"https://fd8-photos.leclercdrive.fr/image.ashx?id=2545628&use=l&cat=p&typeid=i","cat":284254},{"id":3441,"n":"AOP Freixenet Cava Cordon Negro Brut - 75cl","p":5.7,"u":"7,60 €/L","img":"https://fd8-photos.leclercdrive.fr/image.ashx?id=3011929&use=l&cat=p&typeid=i","cat":289461},{"id":3455,"n":"Saumon et torsades Côté Table  Sauce à l'oseille - 300g","p":2.59,"u":"8,63 €/KG","img":"https://fd8-photos.leclercdrive.fr/image.ashx?id=2809075&use=l&cat=p&typeid=i","cat":284953},{"id":3459,"n":"Petit Pois et Carottes Cassegrain 465g","p":2.95,"u":"6,34 €/KG","img":"https://fd8-photos.leclercdrive.fr/image.ashx?id=2912971&use=l&cat=p&typeid=i","cat":312607},{"id":3462,"n":"Pain précuit Epi d'Or Demi-baguette x2 - 300g","p":0.65,"u":"2,17 €/KG","img":"https://fd8-photos.leclercdrive.fr/image.ashx?id=2684814&use=l&cat=p&typeid=i","cat":325069},{"id":3500,"n":"Crème apaisante Marie Rose Piqûres moustique - 50ml","p":5.89,"u":"117,80 €/L","img":"https://fd8-photos.leclercdrive.fr/image.ashx?id=2666746&use=l&cat=p&typeid=i","cat":299654},{"id":3517,"n":"Bonbons Haribo Réglisse Carensac - 250g","p":1.37,"u":"5,48 €/KG","img":"https://fd8-photos.leclercdrive.fr/image.ashx?id=2982405&use=l&cat=p&typeid=i","cat":304250},{"id":3520,"n":"Boîtes chiens Lydog Terrines Viande volaille - 4x405g","p":3.47,"u":"2,14 €/KG","img":"https://fd8-photos.leclercdrive.fr/image.ashx?id=2815746&use=l&cat=p&typeid=i","cat":288578},{"id":3525,"n":"Crêpes fourrées P'tit déli Chocolat x8 - 256g","p":1.65,"u":"6,45 €/KG","img":"https://fd8-photos.leclercdrive.fr/image.ashx?id=2656335&use=l&cat=p&typeid=i","cat":284494},{"id":3528,"n":"Gel arnica Mercurochrome 75ml","p":2.12,"u":"28,27 €/L","img":"https://fd8-photos.leclercdrive.fr/image.ashx?id=2663989&use=l&cat=p&typeid=i","cat":284630},{"id":3549,"n":"IGP Pays d'Oc rosé J.P. Chenet 12.5% vol - 75cl","p":3.65,"u":"4,87 €/L","img":"https://fd8-photos.leclercdrive.fr/image.ashx?id=2985108&use=l&cat=p&typeid=i","cat":289558},{"id":3550,"n":"AOP Côtes de Provence rosé Billette Bouquet - 75cl","p":6.35,"u":"8,47 €/L","img":"https://fd8-photos.leclercdrive.fr/image.ashx?id=2625433&use=l&cat=p&typeid=i","cat":289558},{"id":3555,"n":"Whisky The Genlivet 12 ans 40%vol - 70cl","p":27.4,"u":"39,14 €/L","img":"https://fd8-photos.leclercdrive.fr/image.ashx?id=2885938&use=l&cat=p&typeid=i","cat":284547},{"id":3558,"n":"IGP Pays d'Oc rouge J-P Chenet Cabernet-Syrah 13% vol - 75 cl","p":3.39,"u":"4,52 €/L","img":"https://fd8-photos.leclercdrive.fr/image.ashx?id=2810864&use=l&cat=p&typeid=i","cat":289556},{"id":3559,"n":"IGP Pays d'Oc rouge J-P Chenet Merlot HVE - 75 cl","p":3.75,"u":"5,00 €/L","img":"https://fd8-photos.leclercdrive.fr/image.ashx?id=2837157&use=l&cat=p&typeid=i","cat":289556},{"id":3560,"n":"AOC Champagne brut blanc Pol Carson - 1,5L","p":39.99,"u":"26,66 €/L","img":"https://fd8-photos.leclercdrive.fr/image.ashx?id=2909852&use=l&cat=p&typeid=i","cat":284542},{"id":3564,"n":"Vin de l'Union Européenne  La Villageoise - 6x25cl","p":3.97,"u":"2,65 €/L","img":"https://fd8-photos.leclercdrive.fr/image.ashx?id=2731651&use=l&cat=p&typeid=i","cat":289557},{"id":3570,"n":"Concentré à diluer Pulco Citron - 70cl","p":2.25,"u":"3,21 €/L","img":"https://fd8-photos.leclercdrive.fr/image.ashx?id=2687845&use=l&cat=p&typeid=i","cat":295020},{"id":3571,"n":"Nectar Jafaden Abricot - 1L","p":2.59,"u":"2,59 €/L","img":"https://fd8-photos.leclercdrive.fr/image.ashx?id=2955713&use=l&cat=p&typeid=i","cat":284915},{"id":3575,"n":"Litière chats Tous mes Amis Végétale - 10L","p":4.39,"u":"0,44 €/L","img":"https://fd8-photos.leclercdrive.fr/image.ashx?id=2055217&use=l&cat=p&typeid=i","cat":284683},{"id":3576,"n":"Litière chats Tous mes Amis Minérale - Hygiénique - 10L","p":4.65,"u":"0,47 €/L","img":"https://fd8-photos.leclercdrive.fr/image.ashx?id=2055211&use=l&cat=p&typeid=i","cat":284683},{"id":3580,"n":"Le Haricot vert Cueilli Main Bonduelle Extra Fin 280g","p":2.65,"u":"9,46 €/KG","img":"https://fd8-photos.leclercdrive.fr/image.ashx?id=2910019&use=l&cat=p&typeid=i","cat":312606},{"id":3584,"n":"Macédoine de Légumes Bonduelle 530g","p":1.59,"u":"3,00 €/KG","img":"https://fd8-photos.leclercdrive.fr/image.ashx?id=2939235&use=l&cat=p&typeid=i","cat":312612},{"id":3587,"n":"AOP Bordeaux rouge Blaissac - 75cl","p":3.1,"u":"4,13 €/L","img":"https://fd8-photos.leclercdrive.fr/image.ashx?id=2917429&use=l&cat=p&typeid=i","cat":289556},{"id":3588,"n":"IGP Pays d'Oc rouge Roche Mazet Cabernet Sauvignon 12.5% 75cl","p":2.73,"u":"3,64 €/L","img":"https://fd8-photos.leclercdrive.fr/image.ashx?id=2333000&use=l&cat=p&typeid=i","cat":289556},{"id":3589,"n":"IGP Pays d'Oc rouge Roche Mazet Merlot - 75cl","p":3.25,"u":"4,33 €/L","img":"https://fd8-photos.leclercdrive.fr/image.ashx?id=2332997&use=l&cat=p&typeid=i","cat":289556},{"id":3593,"n":"Vin d'Italie rouge pétillant Vilaveroni Lambrusco- 75cl","p":3.19,"u":"4,25 €/L","img":"https://fd8-photos.leclercdrive.fr/image.ashx?id=2333021&use=l&cat=p&typeid=i","cat":289556},{"id":3599,"n":"IGP Pays d'Oc rosé Listel Grain De gris 12.5% vol - 75cl","p":3.79,"u":"5,05 €/L","img":"https://fd8-photos.leclercdrive.fr/image.ashx?id=2556135&use=l&cat=p&typeid=i","cat":289558},{"id":3600,"n":"Miel Lune de Miel Tartimiel 250g","p":2.55,"u":"10,20 €/KG","img":"https://fd8-photos.leclercdrive.fr/image.ashx?id=2662610&use=l&cat=p&typeid=i","cat":287643},{"id":3604,"n":"Allume-feu Silex cubes x28 200g","p":1.11,"u":"5,55 €/KG","img":"https://fd8-photos.leclercdrive.fr/image.ashx?id=2558781&use=l&cat=p&typeid=i","cat":300578},{"id":3609,"n":"Petit Pois Cassegrain Tendres et Fondants 495g","p":2.75,"u":"5,56 €/KG","img":"https://fd8-photos.leclercdrive.fr/image.ashx?id=2912962&use=l&cat=p&typeid=i","cat":312607},{"id":3610,"n":"Petits pois Notre Jardin A l'étuvée -Extra fins - 3x140g","p":1.57,"u":"3,74 €/KG","img":"https://fd8-photos.leclercdrive.fr/image.ashx?id=2537343&use=l&cat=p&typeid=i","cat":312607},{"id":3617,"n":"Galettes de riz bio Bio Village Complet x17 - 130g","p":0.91,"u":"7,00 €/KG","img":"https://fd8-photos.leclercdrive.fr/image.ashx?id=2816151&use=l&cat=p&typeid=i","cat":318651},{"id":3621,"n":"Pansements Mercurochrome Ampoules x10","p":2.55,"img":"https://fd8-photos.leclercdrive.fr/image.ashx?id=2862143&use=l&cat=p&typeid=i","cat":284630},{"id":3622,"n":"Alcool modifié Mercurochrome 90° - 100ml","p":2.49,"u":"24,90 €/L","img":"https://fd8-photos.leclercdrive.fr/image.ashx?id=2663977&use=l&cat=p&typeid=i","cat":284630},{"id":3630,"n":"Filets colin Alaska Pêche océan 4 tranches - MSC - 400g","p":2.49,"u":"6,23 €/KG","img":"https://fd8-photos.leclercdrive.fr/image.ashx?id=2930087&use=l&cat=p&typeid=i","cat":319786},{"id":3633,"n":"Colin d'Alaska Pêche Océan x10 tranches - MSC - 1kg","p":6.25,"u":"6,25 €/KG","img":"https://fd8-photos.leclercdrive.fr/image.ashx?id=2930096&use=l&cat=p&typeid=i","cat":319786},{"id":3638,"n":"Fromage Mini Caprice Des Dieux 3 Portions - 150g","p":2.75,"u":"18,33 €/KG","img":"https://fd8-photos.leclercdrive.fr/image.ashx?id=2217434&use=l&cat=p&typeid=i","cat":314033},{"id":3640,"n":"Fromage Apéritif Apérivrais  Saveurs de Provence - 100g","p":2.08,"u":"20,80 €/KG","img":"https://fd8-photos.leclercdrive.fr/image.ashx?id=2885348&use=l&cat=p&typeid=i","cat":314027},{"id":3641,"n":"Fromage Apéritif Apérivrais  Saveurs d'Italie - 100g","p":2.08,"u":"20,80 €/KG","img":"https://fd8-photos.leclercdrive.fr/image.ashx?id=2944705&use=l&cat=p&typeid=i","cat":314027},{"id":3643,"n":"Scotch Whisky Baird's 40%vol - 70cl","p":10.99,"u":"15,70 €/L","img":"https://fd8-photos.leclercdrive.fr/image.ashx?id=2907159&use=l&cat=p&typeid=i","cat":284547},{"id":3651,"n":"Vin du Portugal rosé Mateus - VSIG - 12% vol 75cl","p":4.91,"u":"6,55 €/L","img":"https://fd8-photos.leclercdrive.fr/image.ashx?id=2794619&use=l&cat=p&typeid=i","cat":289558},{"id":3663,"n":"Fromage à Raclette RichesMonts  3 saveurs 27 Tranches - 700g","p":10.85,"u":"15,50 €/KG","img":"https://fd8-photos.leclercdrive.fr/image.ashx?id=2766289&use=l&cat=p&typeid=i","cat":314037},{"id":3668,"n":"Faisselle Rians - 6%mg - 1kg","p":2.89,"u":"2,89 €/KG","img":"https://fd8-photos.leclercdrive.fr/image.ashx?id=2659629&use=l&cat=p&typeid=i","cat":284409},{"id":3684,"n":"Eau gazeuse Rozana 6x1L","p":2.65,"u":"0,44 €/L","img":"https://fd8-photos.leclercdrive.fr/image.ashx?id=2870602&use=l&cat=p&typeid=i","cat":284536},{"id":3694,"n":"Pâtes Torti Legumes Panzani - 500G","p":1.46,"u":"2,92 €/KG","img":"https://fd8-photos.leclercdrive.fr/image.ashx?id=2876032&use=l&cat=p&typeid=i","cat":284427},{"id":3699,"n":"Café moulu Bio Village Bio Amérique latine - 250g","p":4.99,"u":"19,96 €/KG","img":"https://fd8-photos.leclercdrive.fr/image.ashx?id=2603713&use=l&cat=p&typeid=i","cat":284750},{"id":3712,"n":"Emincé poulet Côté Table Sauce curry - 300g","p":2.02,"u":"6,73 €/KG","img":"https://fd8-photos.leclercdrive.fr/image.ashx?id=2393857&use=l&cat=p&typeid=i","cat":284953},{"id":3713,"n":"Huile d'olive Rustica Vierge extra - 50cl","p":4.8,"u":"9,60 €/L","img":"https://fd8-photos.leclercdrive.fr/image.ashx?id=2930340&use=l&cat=p&typeid=i","cat":284453},{"id":3714,"n":"Serviette hygiénique Doulys Ultra minces - Normal - x16","p":1.03,"u":"0,06 €/P","img":"https://fd8-photos.leclercdrive.fr/image.ashx?id=2838924&use=l&cat=p&typeid=i","cat":284624},{"id":3716,"n":"Pizza cuite sur pierre Turini Royale - 400g","p":1.99,"u":"4,98 €/KG","img":"https://fd8-photos.leclercdrive.fr/image.ashx?id=2815205&use=l&cat=p&typeid=i","cat":284256},{"id":3719,"n":"Gomme Coiffante L'Oréal Paris Effet Remodelable - 150ml","p":3.51,"u":"23,40 €/L","img":"https://fd8-photos.leclercdrive.fr/image.ashx?id=2614194&use=l&cat=p&typeid=i","cat":284609},{"id":3736,"n":"Chocolat Pâtissier Menier Tablette Noir - 200g","p":2.67,"u":"13,35 €/KG","img":"https://fd8-photos.leclercdrive.fr/image.ashx?id=2624146&use=l&cat=p&typeid=i","cat":285562},{"id":3741,"n":"Biscottes fourrées Cracotte LU  Fraise - 200g","p":1.99,"u":"9,95 €/KG","img":"https://fd8-photos.leclercdrive.fr/image.ashx?id=3004807&use=l&cat=p&typeid=i","cat":284479},{"id":3743,"n":"Mini brownie Brossard Chocolat pépites x8 - 240g","p":2.75,"u":"11,46 €/KG","img":"https://fd8-photos.leclercdrive.fr/image.ashx?id=2965100&use=l&cat=p&typeid=i","cat":294776},{"id":3748,"n":"Soufflés Grignot' Tokapi  Saveur Fromage - 90g","p":0.72,"u":"8,00 €/KG","img":"https://fd8-photos.leclercdrive.fr/image.ashx?id=1956625&use=l&cat=p&typeid=i","cat":284449},{"id":3754,"n":"Crackers Tuc Bacon - 100g","p":1.0,"u":"10,00 €/KG","img":"https://fd8-photos.leclercdrive.fr/image.ashx?id=3002198&use=l&cat=p&typeid=i","cat":297000},{"id":3756,"n":"Mélange Exotique Tokapi  Bananes et papaye - 120g","p":1.47,"u":"12,25 €/KG","img":"https://fd8-photos.leclercdrive.fr/image.ashx?id=2793991&use=l&cat=p&typeid=i","cat":284448},{"id":3758,"n":"Sachet repas chats Gourmet 4 variétés de filets - 4x85g","p":1.99,"u":"5,85 €/KG","img":"https://fd8-photos.leclercdrive.fr/image.ashx?id=2902274&use=l&cat=p&typeid=i","cat":285286},{"id":3759,"n":"Sachet repas chats Gourmet Filets en sachet - 4x85g","p":1.99,"u":"5,85 €/KG","img":"https://fd8-photos.leclercdrive.fr/image.ashx?id=2902337&use=l&cat=p&typeid=i","cat":285286},{"id":3773,"n":"Feuilletés paniers Côté Table Jambon fromage - 4x100g","p":2.15,"u":"5,38 €/KG","img":"https://fd8-photos.leclercdrive.fr/image.ashx?id=2549382&use=l&cat=p&typeid=i","cat":319776},{"id":3775,"n":"Feuilletés paniers Côté Table Fromage de chèvre - 4x100g","p":2.95,"u":"7,38 €/KG","img":"https://fd8-photos.leclercdrive.fr/image.ashx?id=2549385&use=l&cat=p&typeid=i","cat":319776},{"id":3777,"n":"Légumes couscous Notre jardin 1kg","p":1.99,"u":"1,99 €/KG","img":"https://fd8-photos.leclercdrive.fr/image.ashx?id=2900031&use=l&cat=p&typeid=i","cat":319823},{"id":3780,"n":"Faisselle NRT 46%mg - 4x100g","p":2.55,"u":"6,38 €/KG","img":"https://fd8-photos.leclercdrive.fr/image.ashx?id=1946907&use=l&cat=p&typeid=i","cat":284409},{"id":3784,"n":"Coquilles poisson Côté Table Et fruits de mer x6 - 660g","p":5.35,"u":"8,11 €/KG","img":"https://fd8-photos.leclercdrive.fr/image.ashx?id=2990092&use=l&cat=p&typeid=i","cat":319775},{"id":3786,"n":"Poisson pané Pêche Océan MSC - x20 - 1kg","p":6.95,"u":"6,95 €/KG","img":"https://fd8-photos.leclercdrive.fr/image.ashx?id=1919342&use=l&cat=p&typeid=i","cat":319788},{"id":3789,"n":"Pavés de saumon Pêche Océan ASC - 2x125g","p":4.99,"u":"19,96 €/KG","img":"https://fd8-photos.leclercdrive.fr/image.ashx?id=2953722&use=l&cat=p&typeid=i","cat":319786},{"id":3795,"n":"Poisson pané Pêche Océan Cabillaud - MSC - x8 400g","p":4.45,"u":"11,13 €/KG","img":"https://fd8-photos.leclercdrive.fr/image.ashx?id=1724533&use=l&cat=p&typeid=i","cat":319788},{"id":3796,"n":"Croquettes poisson Pêche Océan MSC - x6 - 300g","p":1.72,"u":"5,73 €/KG","img":"https://fd8-photos.leclercdrive.fr/image.ashx?id=2856157&use=l&cat=p&typeid=i","cat":319788},{"id":3797,"n":"Brandade morue Côté Table 1kg","p":3.99,"u":"3,99 €/KG","img":"https://fd8-photos.leclercdrive.fr/image.ashx?id=2047028&use=l&cat=p&typeid=i","cat":284254},{"id":3810,"n":"Epinards Notre Jardin Branches A la crème fraîche 1kg","p":2.98,"u":"2,98 €/KG","img":"https://fd8-photos.leclercdrive.fr/image.ashx?id=2873081&use=l&cat=p&typeid=i","cat":319805},{"id":3823,"n":"Wings poulet Maître coq nature 400g","p":4.95,"u":"12,38 €/KG","img":"https://fd8-photos.leclercdrive.fr/image.ashx?id=2101438&use=l&cat=p&typeid=i","cat":333685},{"id":3828,"n":"Pansements Mercurochrome Economiques x20","p":1.43,"img":"https://fd8-photos.leclercdrive.fr/image.ashx?id=2748269&use=l&cat=p&typeid=i","cat":284630},{"id":3834,"n":"Beurre Président Doux - 82%mg - 250g","p":3.29,"u":"13,16 €/P","img":"https://fd8-photos.leclercdrive.fr/image.ashx?id=2731846&use=l&cat=p&typeid=i","cat":284379},{"id":3844,"n":"Sirop érable Maple Joe Du Canada - 250g","p":3.24,"u":"12,96 €/KG","img":"https://fd8-photos.leclercdrive.fr/image.ashx?id=2656559&use=l&cat=p&typeid=i","cat":287643},{"id":3862,"n":"Cacahuètes grillées Tokapi Salées - 500g","p":1.44,"u":"2,88 €/KG","img":"https://fd8-photos.leclercdrive.fr/image.ashx?id=2795532&use=l&cat=p&typeid=i","cat":284448},{"id":3864,"n":"Jus multifruits Jafaden 12 fruits - 1L","p":1.33,"u":"1,33 €/L","img":"https://fd8-photos.leclercdrive.fr/image.ashx?id=2461387&use=l&cat=p&typeid=i","cat":284917},{"id":3871,"n":"Pain grillé Pelletier Blé complet - 500g","p":2.29,"u":"4,58 €/KG","img":"https://fd8-photos.leclercdrive.fr/image.ashx?id=2345376&use=l&cat=p&typeid=i","cat":284479},{"id":3873,"n":"Cuisses poulet fermier Loué Jaune x2 - 480g","p":5.03,"u":"10,48 €/KG","img":"https://fd8-photos.leclercdrive.fr/image.ashx?id=2250555&use=l&cat=p&typeid=i","cat":284336},{"id":3874,"n":"Filet Poulet Jaune LR X2  IGP Volailles du Maine  - 240g","p":6.79,"u":"28,29 €/KG","img":"https://fd8-photos.leclercdrive.fr/image.ashx?id=2250561&use=l&cat=p&typeid=i","cat":284336},{"id":3904,"n":"Viande bovine Charal3x steak*** À griller - 300g","p":7.97,"u":"26,57 €/KG","img":"https://fd8-photos.leclercdrive.fr/image.ashx?id=2485907&use=l&cat=p&typeid=i","cat":284328},{"id":3944,"n":"Jus multifruits Jafaden Briquettes - 6x20cl","p":1.79,"u":"1,49 €/L","img":"https://fd8-photos.leclercdrive.fr/image.ashx?id=2751880&use=l&cat=p&typeid=i","cat":284524},{"id":3946,"n":"Pâtes Barilla Spaghettoni n°7 - 500g","p":1.05,"u":"2,10 €/KG","img":"https://fd8-photos.leclercdrive.fr/image.ashx?id=2392221&use=l&cat=p&typeid=i","cat":284427},{"id":3951,"n":"Sucre vanillé Tablier blanc x10 75g","p":0.79,"u":"10,53 €/KG","img":"https://fd8-photos.leclercdrive.fr/image.ashx?id=2487431&use=l&cat=p&typeid=i","cat":294686},{"id":3955,"n":"Ravioli pur bœuf  Panzani - 400g","p":1.69,"u":"4,23 €/KG","img":"https://fd8-photos.leclercdrive.fr/image.ashx?id=2876050&use=l&cat=p&typeid=i","cat":284442},{"id":3960,"n":"Haricots Mungo  Notre Jardin 3x90g","p":1.99,"u":"7,37 €/KG","img":"https://fd8-photos.leclercdrive.fr/image.ashx?id=2174678&use=l&cat=p&typeid=i","cat":312611},{"id":3980,"n":"Sauce bolognaise Turini 680g","p":2.44,"u":"3,59 €/KG","img":"https://fd8-photos.leclercdrive.fr/image.ashx?id=2634863&use=l&cat=p&typeid=i","cat":287599},{"id":3981,"n":"Petits pois carottes Extra fins Notre Jardin - 3x130g","p":1.69,"u":"4,33 €/KG","img":"https://fd8-photos.leclercdrive.fr/image.ashx?id=2537346&use=l&cat=p&typeid=i","cat":312607},{"id":3983,"n":"Flageolets verts Notre Jardin Extra fins - 3x130g","p":1.99,"u":"5,10 €/KG","img":"https://fd8-photos.leclercdrive.fr/image.ashx?id=2537352&use=l&cat=p&typeid=i","cat":312606},{"id":3989,"n":"Soda Jean's Cola  2L","p":1.44,"u":"0,72 €/L","img":"https://fd8-photos.leclercdrive.fr/image.ashx?id=2699423&use=l&cat=p&typeid=i","cat":284530},{"id":3991,"n":"Tarte aux 3 fromages Côté Table - 400g","p":2.82,"u":"7,05 €/KG","img":"https://fd8-photos.leclercdrive.fr/image.ashx?id=2791707&use=l&cat=p&typeid=i","cat":284257},{"id":3994,"n":"Tourte Côté Table Champignon jambon - 500g","p":4.99,"u":"9,98 €/KG","img":"https://fd8-photos.leclercdrive.fr/image.ashx?id=2791680&use=l&cat=p&typeid=i","cat":284257},{"id":3997,"n":"Hachis parmentier Côté table 1kg","p":4.83,"u":"4,83 €/KG","img":"https://fd8-photos.leclercdrive.fr/image.ashx?id=2045172&use=l&cat=p&typeid=i","cat":284254},{"id":3998,"n":"Frites allumettes Pom'lisse Au four - 600g","p":1.24,"u":"2,07 €/KG","img":"https://fd8-photos.leclercdrive.fr/image.ashx?id=2699666&use=l&cat=p&typeid=i","cat":319791},{"id":3999,"n":"Crêpes Côté Table Champignons x6 - 300g","p":1.88,"u":"6,27 €/KG","img":"https://fd8-photos.leclercdrive.fr/image.ashx?id=2499352&use=l&cat=p&typeid=i","cat":319776},{"id":4000,"n":"Quiche lorraine Côté Table Mini - 8x100g","p":6.5,"u":"8,13 €/KG","img":"https://fd8-photos.leclercdrive.fr/image.ashx?id=2869787&use=l&cat=p&typeid=i","cat":284257},{"id":4001,"n":"Gratin d'aubergines Côté Table 450g","p":3.75,"u":"8,33 €/KG","img":"https://fd8-photos.leclercdrive.fr/image.ashx?id=1983436&use=l&cat=p&typeid=i","cat":319802},{"id":4007,"n":"Macédoine légumes Notre jardin 1kg","p":1.77,"u":"1,77 €/KG","img":"https://fd8-photos.leclercdrive.fr/image.ashx?id=2873078&use=l&cat=p&typeid=i","cat":319823},{"id":4008,"n":"Julienne légumes Notre jardin 600g","p":1.38,"u":"2,30 €/KG","img":"https://fd8-photos.leclercdrive.fr/image.ashx?id=2900073&use=l&cat=p&typeid=i","cat":319823},{"id":4009,"n":"Printanière légumes Notre jardin 1kg","p":1.47,"u":"1,47 €/KG","img":"https://fd8-photos.leclercdrive.fr/image.ashx?id=2873033&use=l&cat=p&typeid=i","cat":319823},{"id":4014,"n":"Gratin choux fleurs Côté Table 450g","p":3.72,"u":"8,27 €/KG","img":"https://fd8-photos.leclercdrive.fr/image.ashx?id=1977356&use=l&cat=p&typeid=i","cat":319802},{"id":4022,"n":"Fricassée de poulet Côté table Riz et légumes 900g","p":6.51,"u":"7,23 €/KG","img":"https://fd8-photos.leclercdrive.fr/image.ashx?id=2549370&use=l&cat=p&typeid=i","cat":284254},{"id":4024,"n":"Sauce crudité Rustica Nature - 50cl","p":0.88,"u":"1,76 €/L","img":"https://fd8-photos.leclercdrive.fr/image.ashx?id=1972910&use=l&cat=p&typeid=i","cat":284456},{"id":4026,"n":"Cuisses poulet rôti Le gaulois x2 - 350g","p":4.35,"u":"12,43 €/KG","img":"https://fd8-photos.leclercdrive.fr/image.ashx?id=2277122&use=l&cat=p&typeid=i","cat":284336},{"id":4028,"n":"Filets poulet rôti Le gaulois 230g","p":5.59,"u":"24,30 €/KG","img":"https://fd8-photos.leclercdrive.fr/image.ashx?id=2686879&use=l&cat=p&typeid=i","cat":284336},{"id":4029,"n":"Crème marron de Clément Faugier Vanillée Ardèche - 500g","p":2.75,"u":"5,50 €/KG","img":"https://fd8-photos.leclercdrive.fr/image.ashx?id=1880738&use=l&cat=p&typeid=i","cat":284481},{"id":4063,"n":"Cidre bouché Les Goelleries Normand doux 2%vol. - 75cl","p":1.79,"u":"2,39 €/L","img":"https://fd8-photos.leclercdrive.fr/image.ashx?id=2842202&use=l&cat=p&typeid=i","cat":334880},{"id":4086,"n":"Ecorces Beaux Jours Pin maritime 20/40mm - 50L","p":9.15,"u":"0,18 €/L","img":"https://fd8-photos.leclercdrive.fr/image.ashx?id=2162189&use=l&cat=p&typeid=i","cat":335919},{"id":4101,"n":"Pâtes coquillettes Panzani 1kg","p":1.88,"u":"1,88 €/KG","img":"https://fd8-photos.leclercdrive.fr/image.ashx?id=2873823&use=l&cat=p&typeid=i","cat":284427},{"id":4103,"n":"Compotes Andros Pomme Fraise - 8x100g","p":2.95,"u":"3,69 €/KG","img":"https://fd8-photos.leclercdrive.fr/image.ashx?id=2883940&use=l&cat=p&typeid=i","cat":284416},{"id":4120,"n":"Bouchées chocolatées Mon Chéri Liqueur cerise x16 - 168g","p":7.33,"u":"43,63 €/KG","img":"https://fd8-photos.leclercdrive.fr/image.ashx?id=2964018&use=l&cat=p&typeid=i","cat":327601},{"id":4141,"n":"Infusion Tiséa réglisse menthe x25","p":0.9,"u":"22,50 €/KG","img":"https://fd8-photos.leclercdrive.fr/image.ashx?id=2553908&use=l&cat=p&typeid=i","cat":293234},{"id":4190,"n":"Oranges à jus filet  2kg","p":2.35,"u":"1,18 €/KG","img":"https://fd8-photos.leclercdrive.fr/image.ashx?id=1629540&use=l&cat=p&typeid=i","cat":284356},{"id":4242,"n":"Vacherin Eskiss Vanille framboise - 535g","p":4.65,"u":"8,69 €/KG","img":"https://fd8-photos.leclercdrive.fr/image.ashx?id=2119121&use=l&cat=p&typeid=i","cat":284266},{"id":4249,"n":"Crème glacée Eskiss Chocolat noir - 494g","p":2.35,"u":"4,76 €/KG","img":"https://fd8-photos.leclercdrive.fr/image.ashx?id=2698162&use=l&cat=p&typeid=i","cat":284263},{"id":4250,"n":"Crème glacée Eskiss Café - 494g","p":2.14,"u":"4,33 €/KG","img":"https://fd8-photos.leclercdrive.fr/image.ashx?id=3002545&use=l&cat=p&typeid=i","cat":284263},{"id":4255,"n":"Crème glacée Eskiss Rhum raisin - 494g","p":2.45,"u":"4,96 €/KG","img":"https://fd8-photos.leclercdrive.fr/image.ashx?id=2982589&use=l&cat=p&typeid=i","cat":284263},{"id":4258,"n":"Glace Tyrolia Eskiss 320g","p":2.03,"u":"6,34 €/KG","img":"https://fd8-photos.leclercdrive.fr/image.ashx?id=2075663&use=l&cat=p&typeid=i","cat":284266},{"id":4259,"n":"Pâtes spaghetti Panzani 1kg","p":1.91,"u":"1,91 €/KG","img":"https://fd8-photos.leclercdrive.fr/image.ashx?id=2869555&use=l&cat=p&typeid=i","cat":284427},{"id":4260,"n":"Biscuits sablés P'tit Déli Chocolat au lait - 200g","p":1.19,"u":"5,95 €/KG","img":"https://fd8-photos.leclercdrive.fr/image.ashx?id=2768457&use=l&cat=p&typeid=i","cat":284488},{"id":4262,"n":"Thon en tranche  Pêche Océan Naturel - 140g","p":2.05,"u":"14,64 €/KG","img":"https://fd8-photos.leclercdrive.fr/image.ashx?id=2941390&use=l&cat=p&typeid=i","cat":303867},{"id":4288,"n":"Boisson apéritif Voltano Base de vin Bianco 14.4%vol 1L","p":4.99,"u":"4,99 €/L","img":"https://fd8-photos.leclercdrive.fr/image.ashx?id=2843782&use=l&cat=p&typeid=i","cat":284913},{"id":4289,"n":"Boisson apéritif Voltano Base de vin rosso 14.4%vol 1L","p":4.75,"u":"4,75 €/L","img":"https://fd8-photos.leclercdrive.fr/image.ashx?id=2843785&use=l&cat=p&typeid=i","cat":284913},{"id":4290,"n":"Marrons entiers Notre Jardin - 510g","p":5.19,"u":"10,18 €/KG","img":"https://fd8-photos.leclercdrive.fr/image.ashx?id=2263143&use=l&cat=p&typeid=i","cat":312612},{"id":4346,"n":"Crêpes Côté Table Fromage x6 - 300g","p":1.75,"u":"5,83 €/KG","img":"https://fd8-photos.leclercdrive.fr/image.ashx?id=2932399&use=l&cat=p&typeid=i","cat":319776},{"id":4357,"n":"Glace à l'eau Yéti 5 parfums x24 - 1.160kg","p":3.89,"u":"3,35 €/KG","img":"https://fd8-photos.leclercdrive.fr/image.ashx?id=2733796&use=l&cat=p&typeid=i","cat":285250},{"id":4367,"n":"Papier toilette Uni Vert Compact écologique - x4","p":3.29,"u":"0,82 €/P","img":"https://fd8-photos.leclercdrive.fr/image.ashx?id=1957072&use=l&cat=p&typeid=i","cat":284634},{"id":4369,"n":"Gel wc menthe pin Uni Vert 750ml","p":1.62,"u":"2,16 €/L","img":"https://fd8-photos.leclercdrive.fr/image.ashx?id=2965446&use=l&cat=p&typeid=i","cat":284662},{"id":4381,"n":"Safran poudre Rustica 3 doses de 0,1g","p":2.96,"img":"https://fd8-photos.leclercdrive.fr/image.ashx?id=2870014&use=l&cat=p&typeid=i","cat":298297},{"id":4407,"n":"Biscuits duo glacier P'tit Déli 100g","p":1.25,"u":"12,50 €/KG","img":"https://fd8-photos.leclercdrive.fr/image.ashx?id=2874687&use=l&cat=p&typeid=i","cat":284487},{"id":4412,"n":"Boisson énergisante Red Bull 250ml","p":1.12,"u":"4,48 €/L","img":"https://fd8-photos.leclercdrive.fr/image.ashx?id=2340300&use=l&cat=p&typeid=i","cat":284533},{"id":4426,"n":"Sauce au Roquefort Charal 2 personnes - 120g","p":1.94,"u":"16,17 €/KG","img":"https://fd8-photos.leclercdrive.fr/image.ashx?id=2881329&use=l&cat=p&typeid=i","cat":284382},{"id":4427,"n":"Sauce Forestière Charal 2 personnes - 120g","p":1.94,"u":"16,17 €/KG","img":"https://fd8-photos.leclercdrive.fr/image.ashx?id=2558957&use=l&cat=p&typeid=i","cat":284382},{"id":4431,"n":"Plumeaux Clair jetables Avec poignée x5","p":3.03,"img":"https://fd8-photos.leclercdrive.fr/image.ashx?id=2832924&use=l&cat=p&typeid=i","cat":325364},{"id":4458,"n":"Pâtes cheveux d'anges Panzani 500g","p":1.29,"u":"2,58 €/KG","img":"https://fd8-photos.leclercdrive.fr/image.ashx?id=2896069&use=l&cat=p&typeid=i","cat":284427},{"id":4468,"n":"Boisson énergisante Red Bull 4x250ml","p":4.43,"u":"4,43 €/L","img":"https://fd8-photos.leclercdrive.fr/image.ashx?id=3011977&use=l&cat=p&typeid=i","cat":284533},{"id":4484,"n":"Salade : Sucrine 3p","p":1.79,"u":"0,60 €/P","img":"https://fd8-photos.leclercdrive.fr/image.ashx?id=1632539&use=l&cat=p&typeid=i","cat":284352},{"id":4511,"n":"Pochettes perforées Eco+ 21x29.7cm - x100","p":1.14,"u":"0,01 €/P","img":"https://fd8-photos.leclercdrive.fr/image.ashx?id=2943124&use=l&cat=p&typeid=i","cat":284745},{"id":4512,"n":"Pur jus orange Jafaden Sans pulpe - 1L","p":2.43,"u":"2,43 €/L","img":"https://fd8-photos.leclercdrive.fr/image.ashx?id=2916668&use=l&cat=p&typeid=i","cat":285435},{"id":4515,"n":"Pansements Primoplast Pré-découpés x100","p":2.97,"img":"https://fd8-photos.leclercdrive.fr/image.ashx?id=2856459&use=l&cat=p&typeid=i","cat":284630},{"id":4518,"n":"Pomme de terre de consommation N.Jardin entières, épluch. 500g","p":1.35,"u":"2,70 €/KG","img":"https://fd8-photos.leclercdrive.fr/image.ashx?id=2670326&use=l&cat=p&typeid=i","cat":284352},{"id":4519,"n":"Bande à découper Primoplast Multi-usages - 10x6cm","p":0.79,"img":"https://fd8-photos.leclercdrive.fr/image.ashx?id=2885560&use=l&cat=p&typeid=i","cat":284630},{"id":4524,"n":"Filtre café Eco+ N°4 - x100","p":0.99,"u":"0,01 €/P","img":"https://fd8-photos.leclercdrive.fr/image.ashx?id=2593806&use=l&cat=p&typeid=i","cat":284751},{"id":4539,"n":"Eau de toilette Brut original 100ml","p":7.79,"u":"77,90 €/L","img":"https://fd8-photos.leclercdrive.fr/image.ashx?id=2061774&use=l&cat=p&typeid=i","cat":287740},{"id":4543,"n":"Gel Lubrifiant Intime Durex Sensitive base Eau 50ml","p":5.17,"u":"103,40 €/L","img":"https://fd8-photos.leclercdrive.fr/image.ashx?id=2961200&use=l&cat=p&typeid=i","cat":285160},{"id":4566,"n":"Nuggets de poulet Maître coq 1kg","p":7.15,"u":"7,15 €/KG","img":"https://fd8-photos.leclercdrive.fr/image.ashx?id=2877826&use=l&cat=p&typeid=i","cat":333684},{"id":4567,"n":"Panés de poulet Maître Coq 1kg","p":7.48,"u":"7,48 €/KG","img":"https://fd8-photos.leclercdrive.fr/image.ashx?id=2877823&use=l&cat=p&typeid=i","cat":333684},{"id":4569,"n":"Coq'ailes Maître Coq Mexicain - 250g","p":3.8,"u":"15,20 €/KG","img":"https://fd8-photos.leclercdrive.fr/image.ashx?id=2432034&use=l&cat=p&typeid=i","cat":333685},{"id":4570,"n":"Coq'ailes Maître coq Nature - 250g","p":3.8,"u":"15,20 €/KG","img":"https://fd8-photos.leclercdrive.fr/image.ashx?id=2412591&use=l&cat=p&typeid=i","cat":333685},{"id":4624,"n":"Dattes Couleurs Vives 500g","p":2.75,"u":"5,50 €/KG","img":"https://fd8-photos.leclercdrive.fr/image.ashx?id=2542926&use=l&cat=p&typeid=i","cat":284357},{"id":4626,"n":"Vinaigrette Rustica Nature - 50cl","p":0.88,"u":"1,76 €/L","img":"https://fd8-photos.leclercdrive.fr/image.ashx?id=1972898&use=l&cat=p&typeid=i","cat":284456},{"id":4627,"n":"Vinaigre de Xérès Rustica 50cl","p":1.99,"u":"3,98 €/L","img":"https://fd8-photos.leclercdrive.fr/image.ashx?id=2603581&use=l&cat=p&typeid=i","cat":298543},{"id":4628,"n":"Moutarde de Dijon Rustica  Fine et forte - 440g","p":1.13,"u":"2,57 €/KG","img":"https://fd8-photos.leclercdrive.fr/image.ashx?id=2954340&use=l&cat=p&typeid=i","cat":288850},{"id":4629,"n":"Moutarde à l'ancienne Rustica Vinaigre - 350g","p":1.12,"u":"3,20 €/KG","img":"https://fd8-photos.leclercdrive.fr/image.ashx?id=2954343&use=l&cat=p&typeid=i","cat":288850},{"id":4630,"n":"Pâté piment d'Espelette NRT Label Rouge - 180g","p":2.39,"u":"13,28 €/KG","img":"https://fd8-photos.leclercdrive.fr/image.ashx?id=2991485&use=l&cat=p&typeid=i","cat":305149},{"id":4631,"n":"Confit foie volaille Côté Table Au porto - 180g","p":1.45,"u":"8,06 €/KG","img":"https://fd8-photos.leclercdrive.fr/image.ashx?id=2476107&use=l&cat=p&typeid=i","cat":305149},{"id":4640,"n":"Petits pois carottes Notre Jard Extra fins - 420g","p":1.35,"u":"3,21 €/KG","img":"https://fd8-photos.leclercdrive.fr/image.ashx?id=2987943&use=l&cat=p&typeid=i","cat":312607},{"id":4641,"n":"Croquettes chaton Purina One Junior - Poulet/Céréales - 450g","p":2.78,"u":"6,18 €/KG","img":"https://fd8-photos.leclercdrive.fr/image.ashx?id=2499883&use=l&cat=p&typeid=i","cat":284680},{"id":4667,"n":"Yaourts Mamie Nova Ananas passion - 2x150g","p":1.39,"u":"4,63 €/KG","img":"https://fd8-photos.leclercdrive.fr/image.ashx?id=2886960&use=l&cat=p&typeid=i","cat":284410},{"id":4679,"n":"Gel WC nettoyant Syphon Javel eucalyptus - 750ml","p":0.87,"u":"1,16 €/L","img":"https://fd8-photos.leclercdrive.fr/image.ashx?id=2663359&use=l&cat=p&typeid=i","cat":284662},{"id":4682,"n":"Petits pois Notre Jardin A l'étuvée - Extra fins - 445g","p":1.28,"u":"2,88 €/KG","img":"https://fd8-photos.leclercdrive.fr/image.ashx?id=2987940&use=l&cat=p&typeid=i","cat":312607},{"id":4688,"n":"Pâtes Blé complet Barilla Penne Rigate Integrale - 500g","p":1.33,"u":"2,66 €/KG","img":"https://fd8-photos.leclercdrive.fr/image.ashx?id=2986954&use=l&cat=p&typeid=i","cat":284427},{"id":4766,"n":"Gazpacho Notre Jardin 1L","p":2.57,"u":"2,57 €/L","img":"https://fd8-photos.leclercdrive.fr/image.ashx?id=2794832&use=l&cat=p&typeid=i","cat":284355},{"id":4852,"n":"Thon blanc Petit Navire Au naturel - 140g","p":3.0,"u":"21,43 €/KG","img":"https://fd8-photos.leclercdrive.fr/image.ashx?id=2570996&use=l&cat=p&typeid=i","cat":303867},{"id":4863,"n":"Tampons Doulys Digitaux Normal - x24","p":1.24,"u":"0,05 €/P","img":"https://fd8-photos.leclercdrive.fr/image.ashx?id=2965401&use=l&cat=p&typeid=i","cat":284626},{"id":4876,"n":"Petits pots bébé NATURNES Carottes 4M+ - 2x130g","p":0.91,"u":"3,50 €/KG","img":"https://fd8-photos.leclercdrive.fr/image.ashx?id=2522398&use=l&cat=p&typeid=i","cat":312234},{"id":4877,"n":"Petits pots bébé NATURNES Haricots Verts 4M+ - 2x130g","p":0.91,"u":"3,50 €/KG","img":"https://fd8-photos.leclercdrive.fr/image.ashx?id=2522401&use=l&cat=p&typeid=i","cat":312234},{"id":4878,"n":"Petits pots bébé NATURNES Petits Pois 4M+ - 2x130g","p":0.91,"u":"3,50 €/KG","img":"https://fd8-photos.leclercdrive.fr/image.ashx?id=2536182&use=l&cat=p&typeid=i","cat":312234},{"id":4879,"n":"Petits pots bébé NATURNES Courgettes 4M+ - 2x130g","p":0.91,"u":"3,50 €/KG","img":"https://fd8-photos.leclercdrive.fr/image.ashx?id=2532249&use=l&cat=p&typeid=i","cat":312234},{"id":4881,"n":"Petits pots bébé NATURNES Potiron 4M+ - 2x130g","p":0.91,"u":"3,50 €/KG","img":"https://fd8-photos.leclercdrive.fr/image.ashx?id=2532252&use=l&cat=p&typeid=i","cat":312234},{"id":4902,"n":"Purée de fruit NATURNES Pomme coing 4M+ - 4x130g","p":1.99,"u":"3,83 €/KG","img":"https://fd8-photos.leclercdrive.fr/image.ashx?id=2478375&use=l&cat=p&typeid=i","cat":312387},{"id":4903,"n":"Purée de fruit NATURNES Pommes Pruneaux 4M+ - 4x130g","p":1.99,"u":"3,83 €/KG","img":"https://fd8-photos.leclercdrive.fr/image.ashx?id=2571770&use=l&cat=p&typeid=i","cat":312387},{"id":4905,"n":"Purée de fruit NATURNES Pomme banane 4M+ - 4x130g","p":1.99,"u":"3,83 €/KG","img":"https://fd8-photos.leclercdrive.fr/image.ashx?id=2599937&use=l&cat=p&typeid=i","cat":312387},{"id":4906,"n":"Purée de fruit NATURNES Pommes Poires 4M+ - 4x130g","p":1.99,"u":"3,83 €/KG","img":"https://fd8-photos.leclercdrive.fr/image.ashx?id=2672551&use=l&cat=p&typeid=i","cat":312387},{"id":4909,"n":"Purée de fruit NATURNES Fruits du soleil 8M+ - 4x130g","p":1.99,"u":"3,83 €/KG","img":"https://fd8-photos.leclercdrive.fr/image.ashx?id=2629647&use=l&cat=p&typeid=i","cat":312388},{"id":4910,"n":"Purée de fruit NATURNES 6M+ Pomme Fraise Myrtilles - 4x130g","p":1.99,"u":"3,83 €/KG","img":"https://fd8-photos.leclercdrive.fr/image.ashx?id=2478399&use=l&cat=p&typeid=i","cat":312388},{"id":4949,"n":"Mouche bébé ergonomiqueTigex 0-24 mois embout en silicone x1","p":9.1,"img":"https://fd8-photos.leclercdrive.fr/image.ashx?id=2689838&use=l&cat=p&typeid=i","cat":289435},{"id":4952,"n":"Tétine Nuk physiologique Silicone  0-6 mois x2","p":3.05,"u":"1,53 €/P","img":"https://fd8-photos.leclercdrive.fr/image.ashx?id=1971290&use=l&cat=p&typeid=i","cat":284743},{"id":4958,"n":"Eponges bébé Tigex 0-6 mois - x2","p":6.99,"u":"3,50 €/P","img":"https://fd8-photos.leclercdrive.fr/image.ashx?id=2164300&use=l&cat=p&typeid=i","cat":289435},{"id":4988,"n":"Beurre Moulé Paysan Breton Doux - 82%MG - 500g","p":7.04,"u":"14,08 €/KG","img":"https://fd8-photos.leclercdrive.fr/image.ashx?id=2774496&use=l&cat=p&typeid=i","cat":284379},{"id":4997,"n":"Gésiers de volaille Le Gaulois 300g","p":2.75,"u":"9,17 €/KG","img":"https://fd8-photos.leclercdrive.fr/image.ashx?id=2732722&use=l&cat=p&typeid=i","cat":284715},{"id":5000,"n":"Frites de poulet Le Gaulois Panées France - 200g","p":2.95,"u":"14,75 €/KG","img":"https://fd8-photos.leclercdrive.fr/image.ashx?id=2261657&use=l&cat=p&typeid=i","cat":333684},{"id":5015,"n":"Yaourts Les Zaros Délisse Fruits panachés - 16x125g","p":2.48,"u":"1,24 €/KG","img":"https://fd8-photos.leclercdrive.fr/image.ashx?id=2970444&use=l&cat=p&typeid=i","cat":284414},{"id":5016,"n":"Yaourts nature Déli'light 0% MG - 12x125g","p":1.91,"u":"1,27 €/KG","img":"https://fd8-photos.leclercdrive.fr/image.ashx?id=2922482&use=l&cat=p&typeid=i","cat":315000},{"id":5018,"n":"Yaourts Délisse Nature - 4x125g","p":0.65,"u":"1,30 €/KG","img":"https://fd8-photos.leclercdrive.fr/image.ashx?id=3003052&use=l&cat=p&typeid=i","cat":284409},{"id":5021,"n":"Crottin de chèvre Les Croisés 23%mg - 2x60g","p":1.78,"u":"14,83 €/KG","img":"https://fd8-photos.leclercdrive.fr/image.ashx?id=2891878&use=l&cat=p&typeid=i","cat":314031},{"id":5023,"n":"Salade composée Notre Jardin Mélée gourmande - 200g","p":0.99,"u":"4,95 €/KG","img":"https://fd8-photos.leclercdrive.fr/image.ashx?id=2720145&use=l&cat=p&typeid=i","cat":284353},{"id":5024,"n":"Viande des grisons Saint Azay 10 tranches - 80g","p":4.09,"u":"51,13 €/KG","img":"https://fd8-photos.leclercdrive.fr/image.ashx?id=2848490&use=l&cat=p&typeid=i","cat":316007},{"id":5025,"n":"Salade Notre Jardin Jeunes pousses - 125g","p":1.49,"u":"11,92 €/KG","img":"https://fd8-photos.leclercdrive.fr/image.ashx?id=2655601&use=l&cat=p&typeid=i","cat":284353},{"id":5026,"n":"Ravioli Turini Boeuf aux oignons - 300g","p":1.53,"u":"5,10 €/KG","img":"https://fd8-photos.leclercdrive.fr/image.ashx?id=2778036&use=l&cat=p&typeid=i","cat":333682},{"id":5028,"n":"Piémontaise Menu Fraîcheur Au jambon - 500g","p":2.2,"u":"4,40 €/KG","img":"https://fd8-photos.leclercdrive.fr/image.ashx?id=2901428&use=l&cat=p&typeid=i","cat":333657},{"id":5029,"n":"Museau de porc Menu Fraîcheur A la lyonnaise - 300g","p":1.99,"u":"6,63 €/KG","img":"https://fd8-photos.leclercdrive.fr/image.ashx?id=2816558&use=l&cat=p&typeid=i","cat":333657},{"id":5031,"n":"Petits chèvres doux Les Croisés 200g","p":2.02,"u":"10,10 €/KG","img":"https://fd8-photos.leclercdrive.fr/image.ashx?id=2927179&use=l&cat=p&typeid=i","cat":314031},{"id":5032,"n":"Pizza Turini Chorizo - 450g","p":2.69,"u":"5,98 €/KG","img":"https://fd8-photos.leclercdrive.fr/image.ashx?id=2422168&use=l&cat=p&typeid=i","cat":333679},{"id":5034,"n":"Galette au blé noir Côté Table Lardons chèvre - 195g","p":1.75,"u":"8,97 €/KG","img":"https://fd8-photos.leclercdrive.fr/image.ashx?id=2835014&use=l&cat=p&typeid=i","cat":333672},{"id":5037,"n":"Gésiers de volaille Volandrie 300g","p":2.49,"u":"8,30 €/KG","img":"https://fd8-photos.leclercdrive.fr/image.ashx?id=2814860&use=l&cat=p&typeid=i","cat":284715},{"id":5041,"n":"Fromage blanc Déli'light Nature 0% MG - 1kg","p":1.79,"u":"1,79 €/KG","img":"https://fd8-photos.leclercdrive.fr/image.ashx?id=2905213&use=l&cat=p&typeid=i","cat":315000},{"id":5044,"n":"Fromage à tartiner Les Croisés  Ail et fines herbes 25%mg 150g","p":1.29,"u":"8,60 €/KG","img":"https://fd8-photos.leclercdrive.fr/image.ashx?id=2476122&use=l&cat=p&typeid=i","cat":314029},{"id":5045,"n":"Riz au lait Délisse Vanille - 8x115g","p":2.08,"u":"2,26 €/KG","img":"https://fd8-photos.leclercdrive.fr/image.ashx?id=2489116&use=l&cat=p&typeid=i","cat":284418},{"id":5047,"n":"Gratte éponge Spontex Sans rinçage x3","p":1.67,"u":"0,56 €/P","img":"https://fd8-photos.leclercdrive.fr/image.ashx?id=2975783&use=l&cat=p&typeid=i","cat":284667},{"id":5049,"n":"Whisky Sir Edward's 40%vol - 1L","p":16.95,"u":"16,95 €/L","img":"https://fd8-photos.leclercdrive.fr/image.ashx?id=2510747&use=l&cat=p&typeid=i","cat":284547},{"id":5054,"n":"Olives Vertes Dénoyautées  100g","p":0.99,"u":"9,90 €/KG","img":"https://fd8-photos.leclercdrive.fr/image.ashx?id=2923432&use=l&cat=p&typeid=i","cat":284450},{"id":5066,"n":"Amandes décortiquées Sun Apéro 500g","p":9.35,"u":"18,70 €/KG","img":"https://fd8-photos.leclercdrive.fr/image.ashx?id=2692164&use=l&cat=p&typeid=i","cat":284357},{"id":5070,"n":"Whisky Jack Daniel's Old N°7 70cL","p":20.89,"u":"29,84 €/L","img":"https://fd8-photos.leclercdrive.fr/image.ashx?id=2789763&use=l&cat=p&typeid=i","cat":284547},{"id":5073,"n":"Muscat Olympio Samos 75cl","p":4.49,"u":"5,99 €/L","img":"https://fd8-photos.leclercdrive.fr/image.ashx?id=2504077&use=l&cat=p&typeid=i","cat":284913},{"id":5078,"n":"Sucres morceaux Béghin Say n°4 1kg","p":1.93,"u":"1,93 €/KG","img":"https://fd8-photos.leclercdrive.fr/image.ashx?id=2860172&use=l&cat=p&typeid=i","cat":284502},{"id":5079,"n":"Sucre cristal Béghin Say 1kg","p":1.88,"u":"1,88 €/KG","img":"https://fd8-photos.leclercdrive.fr/image.ashx?id=2866343&use=l&cat=p&typeid=i","cat":284502},{"id":5080,"n":"Sucre poudre Béghin Say Etui 1kg","p":1.8,"u":"1,80 €/KG","img":"https://fd8-photos.leclercdrive.fr/image.ashx?id=2866346&use=l&cat=p&typeid=i","cat":284502},{"id":5081,"n":"Sucre poudre Béghin Say 1kg","p":1.95,"u":"1,95 €/KG","img":"https://fd8-photos.leclercdrive.fr/image.ashx?id=2866349&use=l&cat=p&typeid=i","cat":284502},{"id":5103,"n":"Biscuits Maître Prunille Japonais - 250g","p":2.82,"u":"11,28 €/KG","img":"https://fd8-photos.leclercdrive.fr/image.ashx?id=2234021&use=l&cat=p&typeid=i","cat":316002},{"id":5107,"n":"Huile d'arachide Rustica  1L","p":3.55,"u":"3,55 €/L","img":"https://fd8-photos.leclercdrive.fr/image.ashx?id=3002509&use=l&cat=p&typeid=i","cat":284453},{"id":5110,"n":"Pâtes Coquillettes Turini  1kg","p":1.35,"u":"1,35 €/KG","img":"https://fd8-photos.leclercdrive.fr/image.ashx?id=2980438&use=l&cat=p&typeid=i","cat":284427},{"id":5111,"n":"Couscous Comptoir du grain Grain fin - 500g","p":1.27,"u":"2,54 €/KG","img":"https://fd8-photos.leclercdrive.fr/image.ashx?id=3012809&use=l&cat=p&typeid=i","cat":284429},{"id":5112,"n":"Chocolat blanc Tablette d'Or Blanc - 2x100g","p":2.23,"u":"11,15 €/KG","img":"https://fd8-photos.leclercdrive.fr/image.ashx?id=2790880&use=l&cat=p&typeid=i","cat":284957},{"id":5115,"n":"Biscuits Croustillants Tokapi Bacon-  85g","p":0.99,"u":"11,65 €/KG","img":"https://fd8-photos.leclercdrive.fr/image.ashx?id=2632837&use=l&cat=p&typeid=i","cat":297000},{"id":5116,"n":"Crème de pêche Auguste Muniot 15%vol. - 50cl","p":4.99,"u":"9,98 €/L","img":"https://fd8-photos.leclercdrive.fr/image.ashx?id=2753360&use=l&cat=p&typeid=i","cat":286032},{"id":5117,"n":"Café soluble Plantation Qualité filtre - 200g","p":4.4,"u":"22,00 €/KG","img":"https://fd8-photos.leclercdrive.fr/image.ashx?id=2834269&use=l&cat=p&typeid=i","cat":284843},{"id":5121,"n":"Café moulu Plantation Ethiopie - 250g","p":3.89,"u":"15,56 €/KG","img":"https://fd8-photos.leclercdrive.fr/image.ashx?id=2607434&use=l&cat=p&typeid=i","cat":284750},{"id":5125,"n":"Farine de blé bio T65 Bio Village - 1kg","p":0.99,"u":"0,99 €/KG","img":"https://fd8-photos.leclercdrive.fr/image.ashx?id=2448418&use=l&cat=p&typeid=i","cat":284503},{"id":5126,"n":"Riz long Comptoir du Grain Cuisson rapide 10min - 1kg","p":1.69,"u":"1,69 €/KG","img":"https://fd8-photos.leclercdrive.fr/image.ashx?id=2764137&use=l&cat=p&typeid=i","cat":284428},{"id":5128,"n":"Chips Pom'lisse Bolognaise - 135g","p":1.29,"u":"9,56 €/KG","img":"https://fd8-photos.leclercdrive.fr/image.ashx?id=2919604&use=l&cat=p&typeid=i","cat":284447},{"id":5132,"n":"Croûtons Epi d'Or Nature - 2x90g","p":0.99,"u":"5,50 €/KG","img":"https://fd8-photos.leclercdrive.fr/image.ashx?id=2606037&use=l&cat=p&typeid=i","cat":284464},{"id":5139,"n":"Pommes Gala  2kg","p":3.69,"u":"1,85 €/KG","img":"https://fd8-photos.leclercdrive.fr/image.ashx?id=1630927&use=l&cat=p&typeid=i","cat":284356},{"id":5144,"n":"Classeur cahier Esquisse Multicoloris 21x29.7cm -Dos 2cm","p":1.89,"img":"https://fd8-photos.leclercdrive.fr/image.ashx?id=2727668&use=l&cat=p&typeid=i","cat":284745},{"id":5147,"n":"Crayons de couleur Esquisse x12","p":0.99,"img":"https://fd8-photos.leclercdrive.fr/image.ashx?id=2943163&use=l&cat=p&typeid=i","cat":284696},{"id":5160,"n":"Pur jus de fruits Tropicana Réveil fruité - 1,5L","p":3.59,"u":"2,39 €/L","img":"https://fd8-photos.leclercdrive.fr/image.ashx?id=2606400&use=l&cat=p&typeid=i","cat":284521},{"id":5166,"n":"Sucettes Chupa Chups The Best x16 192g","p":1.77,"u":"9,22 €/KG","img":"https://fd8-photos.leclercdrive.fr/image.ashx?id=2647654&use=l&cat=p&typeid=i","cat":304250},{"id":5176,"n":"Pâtes Alphabet Panzani 500g","p":1.42,"u":"2,84 €/KG","img":"https://fd8-photos.leclercdrive.fr/image.ashx?id=2896063&use=l&cat=p&typeid=i","cat":284427},{"id":5211,"n":"Navet 500g","p":2.0,"u":"4,00 €/KG","img":"https://fd8-photos.leclercdrive.fr/image.ashx?id=1632545&use=l&cat=p&typeid=i","cat":284352},{"id":5227,"n":"Pâtes Lustucru coquillettes Oeufs frais - 250g","p":0.79,"u":"3,16 €/KG","img":"https://fd8-photos.leclercdrive.fr/image.ashx?id=2519474&use=l&cat=p&typeid=i","cat":284427},{"id":5228,"n":"Pâtes Lustucru spaghetti courts Oeufs frais - 250g","p":0.79,"u":"3,16 €/KG","img":"https://fd8-photos.leclercdrive.fr/image.ashx?id=2519477&use=l&cat=p&typeid=i","cat":284427},{"id":5229,"n":"Torsades Lustucru  Aux œufs - 250g","p":0.79,"u":"3,16 €/KG","img":"https://fd8-photos.leclercdrive.fr/image.ashx?id=2503945&use=l&cat=p&typeid=i","cat":284427},{"id":5248,"n":"Yaourts aux fruits Délisse Panaché de fruits - 12x125g","p":3.39,"u":"2,26 €/KG","img":"https://fd8-photos.leclercdrive.fr/image.ashx?id=2658575&use=l&cat=p&typeid=i","cat":284410},{"id":5250,"n":"Crème glacée Eskiss Pistache avec éclats - 494g","p":2.51,"u":"5,08 €/KG","img":"https://fd8-photos.leclercdrive.fr/image.ashx?id=2982586&use=l&cat=p&typeid=i","cat":284263},{"id":5253,"n":"Pansements Primoplast Spécial Articulations x30","p":1.59,"img":"https://fd8-photos.leclercdrive.fr/image.ashx?id=2832912&use=l&cat=p&typeid=i","cat":284630},{"id":5255,"n":"Croc Côté Croc Poulet Fromage x2 - 200g","p":1.54,"u":"7,70 €/KG","img":"https://fd8-photos.leclercdrive.fr/image.ashx?id=2967549&use=l&cat=p&typeid=i","cat":333683},{"id":5256,"n":"Bonbons Copains Copines Assortiment - 750g","p":3.85,"u":"5,13 €/KG","img":"https://fd8-photos.leclercdrive.fr/image.ashx?id=2934652&use=l&cat=p&typeid=i","cat":304250},{"id":5261,"n":"Fromage blanc Délisse Nature 7.8% MG - 8x100g","p":2.89,"u":"3,61 €/KG","img":"https://fd8-photos.leclercdrive.fr/image.ashx?id=3012812&use=l&cat=p&typeid=i","cat":284409},{"id":5263,"n":"Yaourts Pulpe de fruits Délisse Panaché de fruits - 16x100g","p":3.54,"u":"2,21 €/KG","img":"https://fd8-photos.leclercdrive.fr/image.ashx?id=2967555&use=l&cat=p&typeid=i","cat":284414},{"id":5264,"n":"Crème glacée Eskiss Fraise avec morceaux - 494g","p":2.84,"u":"5,75 €/KG","img":"https://fd8-photos.leclercdrive.fr/image.ashx?id=2982598&use=l&cat=p&typeid=i","cat":284263},{"id":5265,"n":"Piémontaise Menu Fraîcheur  Au jambon - 300g","p":1.59,"u":"5,30 €/KG","img":"https://fd8-photos.leclercdrive.fr/image.ashx?id=2901425&use=l&cat=p&typeid=i","cat":333657},{"id":5271,"n":"Betteraves Menu Fraîcheur  Rouge en dés - 300g","p":1.19,"u":"3,97 €/KG","img":"https://fd8-photos.leclercdrive.fr/image.ashx?id=2552418&use=l&cat=p&typeid=i","cat":333657},{"id":5274,"n":"Quiche lorraine Coté Table 2x130g","p":2.69,"u":"10,35 €/KG","img":"https://fd8-photos.leclercdrive.fr/image.ashx?id=2869790&use=l&cat=p&typeid=i","cat":333680},{"id":5277,"n":"Yaourts Pâtissiers Délisse Spécialités gourmandes-12x125g","p":3.17,"u":"2,11 €/KG","img":"https://fd8-photos.leclercdrive.fr/image.ashx?id=2501667&use=l&cat=p&typeid=i","cat":314999},{"id":5279,"n":"Actifidus Delisse Nature - 4x125g","p":0.85,"u":"1,70 €/KG","img":"https://fd8-photos.leclercdrive.fr/image.ashx?id=2431107&use=l&cat=p&typeid=i","cat":315000},{"id":5281,"n":"Yaourts Petits Délis Chocolat - 6x100g","p":1.91,"u":"3,18 €/KG","img":"https://fd8-photos.leclercdrive.fr/image.ashx?id=2865188&use=l&cat=p&typeid=i","cat":284414},{"id":5284,"n":"Foies de volaille Volandrie confits - 300g","p":2.7,"u":"9,00 €/KG","img":"https://fd8-photos.leclercdrive.fr/image.ashx?id=2814857&use=l&cat=p&typeid=i","cat":284715},{"id":5285,"n":"Escalope Normande Côté Croc x2 - 200g","p":1.78,"u":"8,90 €/KG","img":"https://fd8-photos.leclercdrive.fr/image.ashx?id=2488353&use=l&cat=p&typeid=i","cat":333683},{"id":5288,"n":"Crème dessert Petits Délis Chocolat et lait - 6x70g","p":1.3,"u":"3,10 €/KG","img":"https://fd8-photos.leclercdrive.fr/image.ashx?id=2572061&use=l&cat=p&typeid=i","cat":285041},{"id":5289,"n":"Torti au surimi Menu Fraîcheur 300g","p":1.7,"u":"5,67 €/KG","img":"https://fd8-photos.leclercdrive.fr/image.ashx?id=2965443&use=l&cat=p&typeid=i","cat":333657},{"id":5291,"n":"Cordon bleu Côté Croc Dinde - 400g","p":3.67,"u":"9,18 €/KG","img":"https://fd8-photos.leclercdrive.fr/image.ashx?id=2915116&use=l&cat=p&typeid=i","cat":333683},{"id":5293,"n":"Biscuits apéritifs Tokapi 3 saveurs - 100g","p":0.79,"u":"7,90 €/KG","img":"https://fd8-photos.leclercdrive.fr/image.ashx?id=2885768&use=l&cat=p&typeid=i","cat":284449},{"id":5294,"n":"Yaourts brassés Délisse Nature - 4x125g","p":1.05,"u":"2,10 €/KG","img":"https://fd8-photos.leclercdrive.fr/image.ashx?id=2982892&use=l&cat=p&typeid=i","cat":284409},{"id":5296,"n":"Crème dessert Délisse Chocolat blanc - 4x125g","p":1.36,"u":"2,72 €/KG","img":"https://fd8-photos.leclercdrive.fr/image.ashx?id=2753475&use=l&cat=p&typeid=i","cat":285041},{"id":5308,"n":"Biscuits Mini Rollos Pépito Chocolat au lait - 225g","p":1.99,"u":"8,84 €/KG","img":"https://fd8-photos.leclercdrive.fr/image.ashx?id=3014407&use=l&cat=p&typeid=i","cat":284488},{"id":5310,"n":"Petits pois d'aucy  Extra-fins - 560g","p":1.48,"u":"2,64 €/KG","img":"https://fd8-photos.leclercdrive.fr/image.ashx?id=2426361&use=l&cat=p&typeid=i","cat":312607},{"id":5311,"n":"Petits pois carottes d'Aucy A l'étuvée - Extra fins - 530g","p":1.69,"u":"3,19 €/KG","img":"https://fd8-photos.leclercdrive.fr/image.ashx?id=2426364&use=l&cat=p&typeid=i","cat":312607},{"id":5314,"n":"Haricots verts d'aucy  Extra-fins - 1/2","p":0.99,"u":"4,50 €/KG","img":"https://fd8-photos.leclercdrive.fr/image.ashx?id=2512728&use=l&cat=p&typeid=i","cat":312606},{"id":5317,"n":"Lentilles cuisinées Raynal Et Roquelaure - 410g","p":1.35,"u":"3,29 €/KG","img":"https://fd8-photos.leclercdrive.fr/image.ashx?id=2928396&use=l&cat=p&typeid=i","cat":312609},{"id":5318,"n":"Biscuits galettes St Michel 130g","p":1.15,"u":"8,85 €/KG","img":"https://fd8-photos.leclercdrive.fr/image.ashx?id=2986149&use=l&cat=p&typeid=i","cat":284487},{"id":5321,"n":"Chocolat poudre Benco 400g","p":3.01,"u":"7,53 €/KG","img":"https://fd8-photos.leclercdrive.fr/image.ashx?id=2871805&use=l&cat=p&typeid=i","cat":293235},{"id":5325,"n":"Confiture Bonne Maman Fraise - 370g","p":1.79,"u":"4,84 €/KG","img":"https://fd8-photos.leclercdrive.fr/image.ashx?id=2474984&use=l&cat=p&typeid=i","cat":284480},{"id":5329,"n":"Saucisses aux lentilles William Saurin - 420g","p":2.29,"u":"5,45 €/KG","img":"https://fd8-photos.leclercdrive.fr/image.ashx?id=2890067&use=l&cat=p&typeid=i","cat":284441},{"id":5339,"n":"Fruits au sirop St Mamet Cocktail - 500g","p":3.49,"u":"6,98 €/KG","img":"https://fd8-photos.leclercdrive.fr/image.ashx?id=2412435&use=l&cat=p&typeid=i","cat":284507},{"id":5342,"n":"Soda Canada Dry Ginger Ale 1,5L","p":2.25,"u":"1,50 €/L","img":"https://fd8-photos.leclercdrive.fr/image.ashx?id=2654674&use=l&cat=p&typeid=i","cat":284531},{"id":5362,"n":"Vin mousseux Charles Volner Brut - 12%vol. - 75cl","p":4.45,"pp":2.94,"u":"3,92 €/L","img":"https://fd8-photos.leclercdrive.fr/image.ashx?id=1592052&use=l&cat=p&typeid=i","cat":284544},{"id":5364,"n":"Fromage blanc Délisse Nature 7% MG - 1kg","p":2.39,"u":"2,39 €/KG","img":"https://fd8-photos.leclercdrive.fr/image.ashx?id=2834999&use=l&cat=p&typeid=i","cat":284409},{"id":5366,"n":"Cire Dépilatoire Siliss Méthode orientale - 250ml","p":3.89,"u":"15,56 €/L","img":"https://fd8-photos.leclercdrive.fr/image.ashx?id=2699396&use=l&cat=p&typeid=i","cat":325351},{"id":5367,"n":"Biscuits tuiles P'tit Déli 100g","p":1.17,"u":"11,70 €/KG","img":"https://fd8-photos.leclercdrive.fr/image.ashx?id=1898889&use=l&cat=p&typeid=i","cat":284487},{"id":5368,"n":"Biscuits Croustillants Tokapi Gouda - 85g","p":0.99,"u":"11,65 €/KG","img":"https://fd8-photos.leclercdrive.fr/image.ashx?id=2507685&use=l&cat=p&typeid=i","cat":297000},{"id":5369,"n":"Légumes couscous Notre Jardin 800g","p":1.49,"u":"1,86 €/KG","img":"https://fd8-photos.leclercdrive.fr/image.ashx?id=2854213&use=l&cat=p&typeid=i","cat":312612},{"id":5381,"n":"Dentifrice Dentamyl Haleine fraîche 75ml","p":1.39,"u":"18,53 €/L","img":"https://fd8-photos.leclercdrive.fr/image.ashx?id=2613828&use=l&cat=p&typeid=i","cat":284612},{"id":5385,"n":"Lait coco Tables du Monde 200ml","p":0.86,"u":"4,30 €/L","img":"https://fd8-photos.leclercdrive.fr/image.ashx?id=2920172&use=l&cat=p&typeid=i","cat":288992},{"id":5386,"n":"Biscuit Petit beurre P'tit Déli Tablette chocolat lait - 150g","p":1.29,"u":"8,60 €/KG","img":"https://fd8-photos.leclercdrive.fr/image.ashx?id=2949176&use=l&cat=p&typeid=i","cat":284488},{"id":5387,"n":"Boisson soja Calcium Végé 1L Végé - 200g","p":0.93,"u":"0,93 €/L","img":"https://fd8-photos.leclercdrive.fr/image.ashx?id=2859155&use=l&cat=p&typeid=i","cat":316067},{"id":5390,"n":"Crème anglaise Délisse 50cl","p":1.28,"u":"2,56 €/L","img":"https://fd8-photos.leclercdrive.fr/image.ashx?id=3002569&use=l&cat=p&typeid=i","cat":284382},{"id":5391,"n":"Yaourts à boire Délisse 3 parfums - 6x180g","p":2.39,"u":"2,21 €/KG","img":"https://fd8-photos.leclercdrive.fr/image.ashx?id=2757924&use=l&cat=p&typeid=i","cat":284415},{"id":5393,"n":"Fromage blanc Délisse Framboise 5.5% MG - 500g","p":2.39,"u":"4,78 €/KG","img":"https://fd8-photos.leclercdrive.fr/image.ashx?id=3012821&use=l&cat=p&typeid=i","cat":284409},{"id":5396,"n":"Bain de bouche Dentamyl Multi Protection - 500ml","p":1.89,"u":"3,78 €/L","img":"https://fd8-photos.leclercdrive.fr/image.ashx?id=2500806&use=l&cat=p&typeid=i","cat":284613},{"id":5399,"n":"Pur jus d'orange Bio Village Bio sans pulpe - 1L","p":2.45,"u":"2,45 €/L","img":"https://fd8-photos.leclercdrive.fr/image.ashx?id=2901521&use=l&cat=p&typeid=i","cat":284521},{"id":5400,"n":"Nouilles bouclées d'Alsace NRT 250g","p":1.39,"u":"5,56 €/KG","img":"https://fd8-photos.leclercdrive.fr/image.ashx?id=2839965&use=l&cat=p&typeid=i","cat":284427},{"id":5403,"n":"Plumes d'Alsace NRT 250g","p":1.39,"u":"5,56 €/KG","img":"https://fd8-photos.leclercdrive.fr/image.ashx?id=2839971&use=l&cat=p&typeid=i","cat":284427},{"id":5404,"n":"IGP Coquilles d'Alsace NRT 250g","p":1.39,"u":"5,56 €/KG","img":"https://fd8-photos.leclercdrive.fr/image.ashx?id=2839974&use=l&cat=p&typeid=i","cat":284427},{"id":5405,"n":"Saucisse sèche d'Auvergne  NRT - 300g","p":5.74,"u":"19,13 €/KG","img":"https://fd8-photos.leclercdrive.fr/image.ashx?id=2991473&use=l&cat=p&typeid=i","cat":316006},{"id":5406,"n":"Saucisson sec d'Auvergne IGP Nos Régions ont du Talent 300g","p":5.54,"u":"18,47 €/KG","img":"https://fd8-photos.leclercdrive.fr/image.ashx?id=2991476&use=l&cat=p&typeid=i","cat":316006},{"id":5407,"n":"Coquillettes d'Alsace NRT 250g","p":1.39,"u":"5,56 €/KG","img":"https://fd8-photos.leclercdrive.fr/image.ashx?id=2839977&use=l&cat=p&typeid=i","cat":284427},{"id":5449,"n":"Boîte chat Whiskas Terrine du marché - 4x400g","p":4.79,"u":"2,99 €/KG","img":"https://fd8-photos.leclercdrive.fr/image.ashx?id=2759619&use=l&cat=p&typeid=i","cat":285601},{"id":5472,"n":"Biscuits barquettes P'tit Déli Fraise - 2x120g","p":1.66,"u":"6,92 €/KG","img":"https://fd8-photos.leclercdrive.fr/image.ashx?id=2691168&use=l&cat=p&typeid=i","cat":284489},{"id":5480,"n":"Biscuits Dejeuner REM 3x255g","p":2.65,"u":"3,46 €/KG","img":"https://fd8-photos.leclercdrive.fr/image.ashx?id=3002201&use=l&cat=p&typeid=i","cat":284491},{"id":5496,"n":"Pineau des Charentes rosé Jules Gautret 17%vol. 75cl","p":9.83,"u":"13,11 €/L","img":"https://fd8-photos.leclercdrive.fr/image.ashx?id=1933212&use=l&cat=p&typeid=i","cat":284913},{"id":5497,"n":"Gelée Bonne Maman Cassis - 370g","p":1.89,"u":"5,11 €/KG","img":"https://fd8-photos.leclercdrive.fr/image.ashx?id=2901662&use=l&cat=p&typeid=i","cat":284480},{"id":5498,"n":"Comté des terroirs Entremont 200g","p":3.59,"u":"17,95 €/KG","img":"https://fd8-photos.leclercdrive.fr/image.ashx?id=2474245&use=l&cat=p&typeid=i","cat":314034},{"id":5501,"n":"Sel La Baleine  Fin iodé 125g","p":0.35,"u":"2,80 €/KG","img":"https://fd8-photos.leclercdrive.fr/image.ashx?id=2019879&use=l&cat=p&typeid=i","cat":284457},{"id":5509,"n":"Pâtes Torsades Turini 1kg","p":1.29,"u":"1,29 €/KG","img":"https://fd8-photos.leclercdrive.fr/image.ashx?id=2980459&use=l&cat=p&typeid=i","cat":284427},{"id":5511,"n":"Sparadrap Primoplast Peaux délicates 5mx2.5cm","p":1.48,"img":"https://fd8-photos.leclercdrive.fr/image.ashx?id=2856426&use=l&cat=p&typeid=i","cat":284630},{"id":5512,"n":"Sparadrap Primoplast résistant 5mx2.5cm","p":1.49,"img":"https://fd8-photos.leclercdrive.fr/image.ashx?id=2856435&use=l&cat=p&typeid=i","cat":284630},{"id":5513,"n":"Miel Nid d'Abeille Crémeux - 1 kg","p":6.39,"u":"6,39 €/KG","img":"https://fd8-photos.leclercdrive.fr/image.ashx?id=760210&use=l&cat=p&typeid=i","cat":287643},{"id":5514,"n":"Bande strapping Primoplast Adhésive 2.5mx6cm","p":3.39,"img":"https://fd8-photos.leclercdrive.fr/image.ashx?id=2856441&use=l&cat=p&typeid=i","cat":284630},{"id":5515,"n":"Vin mousseux d'Union Européenne  brut  -75cl","p":2.99,"u":"3,99 €/L","img":"https://fd8-photos.leclercdrive.fr/image.ashx?id=2807279&use=l&cat=p&typeid=i","cat":284544},{"id":5517,"n":"Canapés toasts Epi d'Or Nature - 280g","p":1.12,"u":"4,00 €/KG","img":"https://fd8-photos.leclercdrive.fr/image.ashx?id=1859140&use=l&cat=p&typeid=i","cat":285454},{"id":5529,"n":"Croquettes petits chiens Ultima  Poulet - Yorkshire - 800g","p":3.26,"u":"4,08 €/KG","img":"https://fd8-photos.leclercdrive.fr/image.ashx?id=2922224&use=l&cat=p&typeid=i","cat":294526},{"id":5536,"n":"Biscuits Pockitos Pépito Chocolat au lait - 295g","p":3.39,"u":"11,49 €/KG","img":"https://fd8-photos.leclercdrive.fr/image.ashx?id=3001955&use=l&cat=p&typeid=i","cat":284488},{"id":5545,"n":"Garniture Bouchées à la reine Petit Jean - 400g","p":1.97,"u":"4,93 €/KG","img":"https://fd8-photos.leclercdrive.fr/image.ashx?id=2677240&use=l&cat=p&typeid=i","cat":284441},{"id":5546,"n":"Pâté de foie William Saurin - 3x78g","p":2.39,"u":"10,21 €/KG","img":"https://fd8-photos.leclercdrive.fr/image.ashx?id=2392756&use=l&cat=p&typeid=i","cat":305149},{"id":5560,"n":"Tampons Doulys Digitaux Mini - x24","p":1.62,"u":"0,07 €/P","img":"https://fd8-photos.leclercdrive.fr/image.ashx?id=2965407&use=l&cat=p&typeid=i","cat":284626},{"id":5561,"n":"Tampons Doulys Digitaux Super - x24","p":1.26,"u":"0,05 €/P","img":"https://fd8-photos.leclercdrive.fr/image.ashx?id=2965413&use=l&cat=p&typeid=i","cat":284626},{"id":5563,"n":"Biscuits P'tit Déli Délimousse 175g","p":1.51,"u":"8,63 €/KG","img":"https://fd8-photos.leclercdrive.fr/image.ashx?id=2540936&use=l&cat=p&typeid=i","cat":284495},{"id":5564,"n":"Lingettes nettoyantes Clair Vitres 3en1 x20","p":0.87,"u":"0,04 €/P","img":"https://fd8-photos.leclercdrive.fr/image.ashx?id=2858827&use=l&cat=p&typeid=i","cat":325363},{"id":5573,"n":"Quenelles Côté Table volaille Sauce champignons 400g","p":1.75,"u":"4,38 €/KG","img":"https://fd8-photos.leclercdrive.fr/image.ashx?id=2977135&use=l&cat=p&typeid=i","cat":284441},{"id":5574,"n":"Quenelles Côté Table saumon Sauce crevette 400g","p":1.8,"u":"4,50 €/KG","img":"https://fd8-photos.leclercdrive.fr/image.ashx?id=2977138&use=l&cat=p&typeid=i","cat":284441},{"id":5575,"n":"Compote Douceur du Verger Gourdes Pomme - 12x90g","p":2.7,"u":"2,50 €/KG","img":"https://fd8-photos.leclercdrive.fr/image.ashx?id=2837033&use=l&cat=p&typeid=i","cat":284508},{"id":5576,"n":"Biscuits choco barre P'tit Déli Chocolat lait 295g","p":2.64,"u":"8,95 €/KG","img":"https://fd8-photos.leclercdrive.fr/image.ashx?id=2618229&use=l&cat=p&typeid=i","cat":284488},{"id":5578,"n":"Cuillers à pâtisserie  P'tit Déli 300g","p":2.49,"u":"8,30 €/KG","img":"https://fd8-photos.leclercdrive.fr/image.ashx?id=2046352&use=l&cat=p&typeid=i","cat":284487},{"id":5579,"n":"Préfou à l'ail Paso 350g","p":4.12,"u":"11,77 €/KG","img":"https://fd8-photos.leclercdrive.fr/image.ashx?id=2332621&use=l&cat=p&typeid=i","cat":316003},{"id":5581,"n":"Chewing-gum sans sucre Freedent Menthe verte 5x10 dragées 70g","p":2.44,"img":"https://fd8-photos.leclercdrive.fr/image.ashx?id=2325482&use=l&cat=p&typeid=i","cat":304251},{"id":5582,"n":"Chewing-gum Freedent white Fruits sans sucre x50 - 70g","p":1.92,"u":"27,43 €/KG","img":"https://fd8-photos.leclercdrive.fr/image.ashx?id=2237283&use=l&cat=p&typeid=i","cat":304251},{"id":5612,"n":"Eau de source Cristaline 6x1,5L","p":1.14,"u":"0,13 €/L","img":"https://fd8-photos.leclercdrive.fr/image.ashx?id=2389449&use=l&cat=p&typeid=i","cat":284535},{"id":5619,"n":"Oeufs de lompe Ronde des Mers Rouge - MSC - 100g","p":2.6,"u":"26,00 €/KG","img":"https://fd8-photos.leclercdrive.fr/image.ashx?id=2822720&use=l&cat=p&typeid=i","cat":285191},{"id":5621,"n":"Chips crevette Tokapi 50g","p":0.65,"u":"13,00 €/KG","img":"https://fd8-photos.leclercdrive.fr/image.ashx?id=2951332&use=l&cat=p&typeid=i","cat":288992},{"id":5622,"n":"Croquettes chiens Lydog Spécial Forme - Volaille - 4kg","p":4.99,"u":"1,25 €/KG","img":"https://fd8-photos.leclercdrive.fr/image.ashx?id=2191117&use=l&cat=p&typeid=i","cat":284672},{"id":5624,"n":"Croquettes chiens Lydog Junior - Volaille - 4kg","p":7.98,"u":"2,00 €/KG","img":"https://fd8-photos.leclercdrive.fr/image.ashx?id=1937477&use=l&cat=p&typeid=i","cat":284672},{"id":5626,"n":"Bonbons Copains Copines Frites acides - 275 g","p":1.71,"u":"6,22 €/KG","img":"https://fd8-photos.leclercdrive.fr/image.ashx?id=2934655&use=l&cat=p&typeid=i","cat":304250},{"id":5633,"n":"Soufflés Grignot' Tokapi Cacahuète - 90g","p":0.7,"u":"7,78 €/KG","img":"https://fd8-photos.leclercdrive.fr/image.ashx?id=2049223&use=l&cat=p&typeid=i","cat":284449},{"id":5635,"n":"Rosette de Lyon NRT 400g","p":5.72,"u":"14,30 €/KG","img":"https://fd8-photos.leclercdrive.fr/image.ashx?id=2496914&use=l&cat=p&typeid=i","cat":316006},{"id":5683,"n":"Champignon de Paris  250g","p":1.59,"u":"6,36 €/KG","img":"https://fd8-photos.leclercdrive.fr/image.ashx?id=1631910&use=l&cat=p&typeid=i","cat":284352},{"id":5718,"n":"Tampons Doulys avec applicateur Super - x24","p":2.47,"u":"0,10 €/P","img":"https://fd8-photos.leclercdrive.fr/image.ashx?id=2965455&use=l&cat=p&typeid=i","cat":284626},{"id":5772,"n":"Biscuits tartelette Bonne Maman Citron 125g","p":1.55,"u":"12,40 €/KG","img":"https://fd8-photos.leclercdrive.fr/image.ashx?id=2962296&use=l&cat=p&typeid=i","cat":284489},{"id":5823,"n":"Lait demi-écrémé Lactel Vitamine D Bouteille - 6x50cl","p":6.06,"u":"2,02 €/L","img":"https://fd8-photos.leclercdrive.fr/image.ashx?id=2993403&use=l&cat=p&typeid=i","cat":284377},{"id":5831,"n":"Ketchup Rustica Epicé - 560g","p":1.59,"u":"2,84 €/KG","img":"https://fd8-photos.leclercdrive.fr/image.ashx?id=3005667&use=l&cat=p&typeid=i","cat":284455},{"id":5834,"n":"Saumon fumé Rondes des Mers ASC Norvège x8T - 300g","p":10.69,"u":"35,63 €/KG","img":"https://fd8-photos.leclercdrive.fr/image.ashx?id=2833093&use=l&cat=p&typeid=i","cat":285188},{"id":5838,"n":"Petit salé Côté Table lentilles A l'auvergnate 420g","p":2.27,"u":"5,40 €/KG","img":"https://fd8-photos.leclercdrive.fr/image.ashx?id=2977123&use=l&cat=p&typeid=i","cat":284441},{"id":5840,"n":"Filets anchois Rondes des mers 105g","p":2.73,"u":"26,00 €/KG","img":"https://fd8-photos.leclercdrive.fr/image.ashx?id=1671616&use=l&cat=p&typeid=i","cat":285190},{"id":5842,"n":"Mélange exotique Couleurs Vives 250g","p":2.23,"u":"8,92 €/KG","img":"https://fd8-photos.leclercdrive.fr/image.ashx?id=2691102&use=l&cat=p&typeid=i","cat":284448},{"id":5844,"n":"Saumon Ronde des Mers Tranches pour toasts - 80g","p":4.59,"u":"57,38 €/KG","img":"https://fd8-photos.leclercdrive.fr/image.ashx?id=2449972&use=l&cat=p&typeid=i","cat":285188},{"id":5846,"n":"Saumon fumé Ronde des Mers Ecosse x8T - 300g","p":10.99,"u":"36,63 €/KG","img":"https://fd8-photos.leclercdrive.fr/image.ashx?id=2822726&use=l&cat=p&typeid=i","cat":285188},{"id":5850,"n":"Couscous Côté Table Poulet merguez 450g","p":2.7,"u":"6,00 €/KG","img":"https://fd8-photos.leclercdrive.fr/image.ashx?id=1936608&use=l&cat=p&typeid=i","cat":333665},{"id":5856,"n":"Préparation pour crème brûlée Délisse 4x100g","p":2.59,"u":"6,48 €/KG","img":"https://fd8-photos.leclercdrive.fr/image.ashx?id=2842465&use=l&cat=p&typeid=i","cat":284419},{"id":5857,"n":"Hachis parmentier Côté Table 300g","p":2.19,"u":"7,30 €/KG","img":"https://fd8-photos.leclercdrive.fr/image.ashx?id=2616733&use=l&cat=p&typeid=i","cat":333665},{"id":5859,"n":"Guacamole Tables du Monde 200g","p":2.29,"u":"13,09 €/KG","img":"https://fd8-photos.leclercdrive.fr/image.ashx?id=2872252&use=l&cat=p&typeid=i","cat":315999},{"id":5865,"n":"Actifidus Délisse Noix de coco - 4x125g","p":1.38,"u":"2,76 €/KG","img":"https://fd8-photos.leclercdrive.fr/image.ashx?id=2421039&use=l&cat=p&typeid=i","cat":315000},{"id":5866,"n":"Actifidus Délisse Vanille - 12x125g","p":2.58,"u":"1,72 €/KG","img":"https://fd8-photos.leclercdrive.fr/image.ashx?id=2751877&use=l&cat=p&typeid=i","cat":315000},{"id":5868,"n":"Spécialité au soja Nat & Vie Vanille - 4x100g","p":1.37,"u":"3,43 €/KG","img":"https://fd8-photos.leclercdrive.fr/image.ashx?id=2901434&use=l&cat=p&typeid=i","cat":316071},{"id":5869,"n":"Spécialité au soja Nat & Vie Chocolat - 4x100g","p":1.34,"u":"3,35 €/KG","img":"https://fd8-photos.leclercdrive.fr/image.ashx?id=2901437&use=l&cat=p&typeid=i","cat":316071},{"id":5870,"n":"Boisson soja nature Végé 1L Végé - 200g","p":0.85,"u":"0,85 €/L","img":"https://fd8-photos.leclercdrive.fr/image.ashx?id=2861413&use=l&cat=p&typeid=i","cat":316067},{"id":5871,"n":"Yaourts à boire DéliUp' Délisse Fraise - 10x100g","p":2.87,"u":"2,87 €/KG","img":"https://fd8-photos.leclercdrive.fr/image.ashx?id=1871092&use=l&cat=p&typeid=i","cat":284415},{"id":5873,"n":"Beignets crevettes Tables du Monde x6 140g","p":2.06,"u":"14,71 €/KG","img":"https://fd8-photos.leclercdrive.fr/image.ashx?id=2865053&use=l&cat=p&typeid=i","cat":333673},{"id":5876,"n":"Court-bouillon Rustica 150g","p":1.25,"u":"8,33 €/KG","img":"https://fd8-photos.leclercdrive.fr/image.ashx?id=1743584&use=l&cat=p&typeid=i","cat":288379},{"id":5877,"n":"Petit pot de crème Délisse Chocolat - 8x100g","p":3.57,"u":"4,46 €/KG","img":"https://fd8-photos.leclercdrive.fr/image.ashx?id=2544970&use=l&cat=p&typeid=i","cat":285041},{"id":5878,"n":"Jus 3 agrumes Jafaden 1L","p":2.75,"u":"2,75 €/L","img":"https://fd8-photos.leclercdrive.fr/image.ashx?id=2916665&use=l&cat=p&typeid=i","cat":285435},{"id":5880,"n":"Yaourts mousse Petits Délis Fruits - 6x74g","p":1.77,"u":"3,99 €/KG","img":"https://fd8-photos.leclercdrive.fr/image.ashx?id=2907057&use=l&cat=p&typeid=i","cat":284414},{"id":5884,"n":"Gratin dauphinois Côté Table 280g","p":2.89,"u":"10,32 €/KG","img":"https://fd8-photos.leclercdrive.fr/image.ashx?id=2807285&use=l&cat=p&typeid=i","cat":333665},{"id":5891,"n":"Tzatziki Tables du Monde 200g","p":1.59,"u":"7,95 €/KG","img":"https://fd8-photos.leclercdrive.fr/image.ashx?id=2872255&use=l&cat=p&typeid=i","cat":315999},{"id":5895,"n":"Tripes mode de caen NRT 600g","p":3.99,"u":"6,65 €/KG","img":"https://fd8-photos.leclercdrive.fr/image.ashx?id=2723198&use=l&cat=p&typeid=i","cat":284441},{"id":5896,"n":"Litière rongeurs P'tit Ami 15L","p":1.32,"u":"0,09 €/L","img":"https://fd8-photos.leclercdrive.fr/image.ashx?id=2162198&use=l&cat=p&typeid=i","cat":284677},{"id":5898,"n":"Litière rongeurs P'tit Ami 60L","p":4.2,"u":"0,07 €/L","img":"https://fd8-photos.leclercdrive.fr/image.ashx?id=2162204&use=l&cat=p&typeid=i","cat":284677},{"id":5901,"n":"Filtre à café Melitta 1x4 Original - x40","p":0.89,"u":"0,02 €/P","img":"https://fd8-photos.leclercdrive.fr/image.ashx?id=2882053&use=l&cat=p&typeid=i","cat":284751},{"id":5902,"n":"Filtres café Melitta 1x4   Original - x100","p":2.59,"u":"0,03 €/P","img":"https://fd8-photos.leclercdrive.fr/image.ashx?id=2433262&use=l&cat=p&typeid=i","cat":284751},{"id":5907,"n":"Haricots beurre d'aucy Extra-fins - 440g","p":1.99,"u":"4,52 €/KG","img":"https://fd8-photos.leclercdrive.fr/image.ashx?id=2431536&use=l&cat=p&typeid=i","cat":312606},{"id":5909,"n":"Mini gâches briochettes NRT Pur beurre x8 - 360g","p":2.07,"u":"5,75 €/KG","img":"https://fd8-photos.leclercdrive.fr/image.ashx?id=2670416&use=l&cat=p&typeid=i","cat":284478},{"id":5910,"n":"Ketchup Amora 280g","p":1.09,"u":"3,89 €/KG","img":"https://fd8-photos.leclercdrive.fr/image.ashx?id=2766667&use=l&cat=p&typeid=i","cat":284455},{"id":5911,"n":"Sel fin Cérébos 250g","p":0.34,"u":"1,36 €/KG","img":"https://fd8-photos.leclercdrive.fr/image.ashx?id=2904173&use=l&cat=p&typeid=i","cat":284457},{"id":5912,"n":"Sel fin iodé Cérébos 500g","p":0.49,"u":"0,98 €/KG","img":"https://fd8-photos.leclercdrive.fr/image.ashx?id=2522095&use=l&cat=p&typeid=i","cat":284457},{"id":5951,"n":"Ravioli bolognaise   Panzani - 800g","p":3.79,"u":"4,74 €/KG","img":"https://fd8-photos.leclercdrive.fr/image.ashx?id=2876062&use=l&cat=p&typeid=i","cat":284442},{"id":5952,"n":"Couscous Grain Moyen Ferrero - 1kg","p":2.55,"u":"2,55 €/KG","img":"https://fd8-photos.leclercdrive.fr/image.ashx?id=2744740&use=l&cat=p&typeid=i","cat":284429},{"id":5954,"n":"Café moulu San Marco Arabica - 2x250g","p":10.49,"u":"20,98 €/KG","img":"https://fd8-photos.leclercdrive.fr/image.ashx?id=2645510&use=l&cat=p&typeid=i","cat":284750},{"id":6003,"n":"Collants Well Elastivoile Résistant ibiza T1","p":4.05,"img":"https://fd8-photos.leclercdrive.fr/image.ashx?id=2538638&use=l&cat=p&typeid=i","cat":334130},{"id":6035,"n":"Sauce tomate bio Jardin Bio' Provençale - 200g","p":1.38,"u":"6,90 €/KG","img":"https://fd8-photos.leclercdrive.fr/image.ashx?id=3014494&use=l&cat=p&typeid=i","cat":287599},{"id":6037,"n":"Ratatouille Jardin Bio' A la provençale bio - 650g","p":2.46,"u":"3,78 €/KG","img":"https://fd8-photos.leclercdrive.fr/image.ashx?id=2903230&use=l&cat=p&typeid=i","cat":312612},{"id":6048,"n":"Sauce tomate Jardin Bio' Bio Basilic - 200g","p":1.38,"u":"6,90 €/KG","img":"https://fd8-photos.leclercdrive.fr/image.ashx?id=2967848&use=l&cat=p&typeid=i","cat":287599},{"id":6049,"n":"Ravioli Jardin Bio Bio légumes - 675g","p":2.88,"u":"4,27 €/KG","img":"https://fd8-photos.leclercdrive.fr/image.ashx?id=2534878&use=l&cat=p&typeid=i","cat":284442},{"id":6050,"n":"Lentilles vertes Jardin Bio' Bio cuisinées - 400g","p":2.11,"u":"5,28 €/KG","img":"https://fd8-photos.leclercdrive.fr/image.ashx?id=2944831&use=l&cat=p&typeid=i","cat":312609},{"id":6058,"n":"Spaguetti Jardin Bio Bio quinoa tomate - 500g","p":1.81,"u":"3,62 €/KG","img":"https://fd8-photos.leclercdrive.fr/image.ashx?id=3002108&use=l&cat=p&typeid=i","cat":284427},{"id":6063,"n":"Ketchup Jardin Bio' Bio - 560g","p":2.23,"u":"3,98 €/KG","img":"https://fd8-photos.leclercdrive.fr/image.ashx?id=2918316&use=l&cat=p&typeid=i","cat":284455},{"id":6067,"n":"Huile d'olive Bio Village Bio Vierge extra - 75cl","p":7.47,"u":"9,96 €/L","img":"https://fd8-photos.leclercdrive.fr/image.ashx?id=3005697&use=l&cat=p&typeid=i","cat":284453},{"id":6068,"n":"Spaghetti Bio Village Bio - 500g","p":0.83,"u":"1,66 €/KG","img":"https://fd8-photos.leclercdrive.fr/image.ashx?id=2503284&use=l&cat=p&typeid=i","cat":284427},{"id":6069,"n":"Pâtes Coquillettes Bio Village Bio - 500g","p":0.84,"u":"1,68 €/KG","img":"https://fd8-photos.leclercdrive.fr/image.ashx?id=2625364&use=l&cat=p&typeid=i","cat":284427},{"id":6070,"n":"Pâtes tagliatelles Bio Village Bio - 250g","p":1.65,"u":"6,60 €/KG","img":"https://fd8-photos.leclercdrive.fr/image.ashx?id=1986832&use=l&cat=p&typeid=i","cat":284427},{"id":6073,"n":"Crème fraîche bio Bio village Epaisse - 30% MG - 20cl","p":1.17,"u":"5,85 €/L","img":"https://fd8-photos.leclercdrive.fr/image.ashx?id=1975047&use=l&cat=p&typeid=i","cat":284381},{"id":6075,"n":"Quinoa Bio Village Bio - 500g","p":3.25,"u":"6,50 €/KG","img":"https://fd8-photos.leclercdrive.fr/image.ashx?id=2245755&use=l&cat=p&typeid=i","cat":284429},{"id":6076,"n":"Cookies chocolat Bio Village Bio 200g","p":2.74,"u":"13,70 €/KG","img":"https://fd8-photos.leclercdrive.fr/image.ashx?id=2400523&use=l&cat=p&typeid=i","cat":325066},{"id":6077,"n":"Biscuits sésame Bio Village Bio - 230g","p":1.76,"u":"7,65 €/KG","img":"https://fd8-photos.leclercdrive.fr/image.ashx?id=2363808&use=l&cat=p&typeid=i","cat":284487},{"id":6078,"n":"Yaourts lait brebis nature Bio Bio village - 2x125g","p":1.42,"u":"5,68 €/KG","img":"https://fd8-photos.leclercdrive.fr/image.ashx?id=2046370&use=l&cat=p&typeid=i","cat":314998},{"id":6085,"n":"Jus de fruits Tropicana Multivitamines - 1,5L","p":4.08,"u":"2,72 €/L","img":"https://fd8-photos.leclercdrive.fr/image.ashx?id=2605818&use=l&cat=p&typeid=i","cat":284917},{"id":6089,"n":"Pâtes Blé complet Barilla Spaghetti Integrale - 500g","p":1.29,"u":"2,58 €/KG","img":"https://fd8-photos.leclercdrive.fr/image.ashx?id=2986951&use=l&cat=p&typeid=i","cat":284427},{"id":6105,"n":"Biscuits apéritif Lay's 3D's Goût Nature Sel - 85g","p":0.89,"u":"10,47 €/KG","img":"https://fd8-photos.leclercdrive.fr/image.ashx?id=2917417&use=l&cat=p&typeid=i","cat":284449},{"id":6106,"n":"Biscuits apéritif Lay's 3D's Goût Fromage - 85g","p":0.89,"u":"10,47 €/KG","img":"https://fd8-photos.leclercdrive.fr/image.ashx?id=2923672&use=l&cat=p&typeid=i","cat":284449},{"id":6113,"n":"Poires  1kg","p":2.59,"u":"2,59 €/KG","img":"https://fd8-photos.leclercdrive.fr/image.ashx?id=1636362&use=l&cat=p&typeid=i","cat":284356},{"id":6145,"n":"Biscuits Goûters REM Chocolat - 3x125g","p":2.79,"u":"7,44 €/KG","img":"https://fd8-photos.leclercdrive.fr/image.ashx?id=2841193&use=l&cat=p&typeid=i","cat":284488},{"id":6147,"n":"Biscuits barres Pockitos Pépito Chocolat au lait - 162g","p":1.99,"u":"12,28 €/KG","img":"https://fd8-photos.leclercdrive.fr/image.ashx?id=3001964&use=l&cat=p&typeid=i","cat":284488},{"id":6153,"n":"Pâtes Macaroni Panzani 1kg","p":1.95,"u":"1,95 €/KG","img":"https://fd8-photos.leclercdrive.fr/image.ashx?id=2876026&use=l&cat=p&typeid=i","cat":284427},{"id":6154,"n":"Pâtes farfalle Panzani 500g","p":1.15,"u":"2,30 €/KG","img":"https://fd8-photos.leclercdrive.fr/image.ashx?id=2884300&use=l&cat=p&typeid=i","cat":284427},{"id":6155,"n":"Pâtes Torti Panzani 3 Minutes - 500G","p":1.32,"u":"2,64 €/KG","img":"https://fd8-photos.leclercdrive.fr/image.ashx?id=2896084&use=l&cat=p&typeid=i","cat":284427},{"id":6169,"n":"Fromage apéritif Apéricube Nature 24 cubes","p":2.15,"u":"17,20 €/KG","img":"https://fd8-photos.leclercdrive.fr/image.ashx?id=2883447&use=l&cat=p&typeid=i","cat":314027},{"id":6179,"n":"Délices soufflés nature Ecochard - 4x120g","p":3.49,"u":"7,27 €/KG","img":"https://fd8-photos.leclercdrive.fr/image.ashx?id=2842633&use=l&cat=p&typeid=i","cat":333682},{"id":6185,"n":"Sucre glace Béghin Say 500g","p":2.03,"u":"4,06 €/KG","img":"https://fd8-photos.leclercdrive.fr/image.ashx?id=2593608&use=l&cat=p&typeid=i","cat":284502},{"id":6196,"n":"AOP Côtes du Rhône rouge Prestige Cellier Dauphins 75cl","p":3.04,"u":"4,05 €/L","img":"https://fd8-photos.leclercdrive.fr/image.ashx?id=2490533&use=l&cat=p&typeid=i","cat":289556},{"id":6199,"n":"Beurre Moulé Paysan Breton Demi-sel - 80%MG - 250g","p":3.71,"u":"14,84 €/KG","img":"https://fd8-photos.leclercdrive.fr/image.ashx?id=2947844&use=l&cat=p&typeid=i","cat":284379},{"id":6218,"n":"Fromage blanc Déli'light aux Fruits - 0% mg - 8x100g","p":2.89,"u":"3,61 €/KG","img":"https://fd8-photos.leclercdrive.fr/image.ashx?id=2967552&use=l&cat=p&typeid=i","cat":315000},{"id":6223,"n":"Fromage Maroilles AOP  Nos Régions ont du Talent 200g","p":2.69,"u":"13,45 €/KG","img":"https://fd8-photos.leclercdrive.fr/image.ashx?id=2411892&use=l&cat=p&typeid=i","cat":329558},{"id":6239,"n":"Nuggets de dinde Le Gaulois  x50 - 1kg","p":8.95,"u":"8,95 €/KG","img":"https://fd8-photos.leclercdrive.fr/image.ashx?id=2921274&use=l&cat=p&typeid=i","cat":333684},{"id":6240,"n":"Cordons bleu Le Gaulois Dinde x10 - 1kg","p":5.99,"u":"5,99 €/KG","img":"https://fd8-photos.leclercdrive.fr/image.ashx?id=2485913&use=l&cat=p&typeid=i","cat":333683},{"id":6242,"n":"Café soluble Plantation Qualité filtre - 100g","p":2.75,"u":"27,50 €/KG","img":"https://fd8-photos.leclercdrive.fr/image.ashx?id=2834272&use=l&cat=p&typeid=i","cat":284843},{"id":6243,"n":"AOC Muscadet vin blanc Les Caractères - BIB 3L","p":13.99,"u":"4,66 €/L","img":"https://fd8-photos.leclercdrive.fr/image.ashx?id=2750132&use=l&cat=p&typeid=i","cat":289560},{"id":6249,"n":"Céleri Menu Fraîcheur  Rémoulade - 500g","p":1.58,"u":"3,16 €/KG","img":"https://fd8-photos.leclercdrive.fr/image.ashx?id=2820107&use=l&cat=p&typeid=i","cat":333657},{"id":6254,"n":"Salade Coleslaw Menu Fraîcheur  300g","p":1.19,"u":"3,97 €/KG","img":"https://fd8-photos.leclercdrive.fr/image.ashx?id=2645891&use=l&cat=p&typeid=i","cat":333657},{"id":6256,"n":"Pizza Turini Jambon champignons - 450g","p":2.73,"u":"6,07 €/KG","img":"https://fd8-photos.leclercdrive.fr/image.ashx?id=2709734&use=l&cat=p&typeid=i","cat":333679},{"id":6282,"n":"Pains au chocolat x4 200g","p":2.4,"u":"12,00 €/KG","img":"https://fd8-photos.leclercdrive.fr/image.ashx?id=2070965&use=l&cat=p&typeid=i","cat":284984},{"id":6291,"n":"Semoule fine Panzani 500g","p":1.01,"u":"2,02 €/KG","img":"https://fd8-photos.leclercdrive.fr/image.ashx?id=2745559&use=l&cat=p&typeid=i","cat":284429},{"id":6314,"n":"Pansements Primoplast Peaux sensibles x30","p":0.88,"img":"https://fd8-photos.leclercdrive.fr/image.ashx?id=2832918&use=l&cat=p&typeid=i","cat":284630},{"id":6316,"n":"Escalope de poulet Côté Croc À la Bolognaise x2 - 200g","p":2.13,"u":"10,65 €/KG","img":"https://fd8-photos.leclercdrive.fr/image.ashx?id=2814420&use=l&cat=p&typeid=i","cat":333683},{"id":6340,"n":"Goûters fourrés P'tit Déli Chocolat x16 - 300g","p":1.19,"u":"3,97 €/KG","img":"https://fd8-photos.leclercdrive.fr/image.ashx?id=2100548&use=l&cat=p&typeid=i","cat":284488},{"id":6343,"n":"Garniture de céleris  Notre Jardin - 250g","p":0.99,"u":"3,96 €/KG","img":"https://fd8-photos.leclercdrive.fr/image.ashx?id=2529534&use=l&cat=p&typeid=i","cat":312612},{"id":6344,"n":"Boules soufflées Tokapi  Fromage - 50g","p":0.58,"u":"11,60 €/KG","img":"https://fd8-photos.leclercdrive.fr/image.ashx?id=2885762&use=l&cat=p&typeid=i","cat":284449},{"id":6346,"n":"Madeleines longues P'tit Déli  Pur beurre 250g","p":1.57,"u":"6,28 €/KG","img":"https://fd8-photos.leclercdrive.fr/image.ashx?id=2999487&use=l&cat=p&typeid=i","cat":284492},{"id":6347,"n":"Beurre  Les Croisés 80% MG  Demi-sel Extra fin - 250g","p":2.99,"u":"11,96 €/KG","img":"https://fd8-photos.leclercdrive.fr/image.ashx?id=2839881&use=l&cat=p&typeid=i","cat":284379},{"id":6348,"n":"Tarama Ronde des Mers Oeufs de cabillaud - 250g","p":2.3,"u":"9,20 €/KG","img":"https://fd8-photos.leclercdrive.fr/image.ashx?id=1942389&use=l&cat=p&typeid=i","cat":315999},{"id":6350,"n":"Eponges Mamison couleur Super absorbantes x3","p":1.22,"u":"0,41 €/P","img":"https://fd8-photos.leclercdrive.fr/image.ashx?id=2458049&use=l&cat=p&typeid=i","cat":284667},{"id":6353,"n":"Pancetta italienne Saint Azay 10 tranches - 100g","p":2.89,"u":"28,90 €/KG","img":"https://fd8-photos.leclercdrive.fr/image.ashx?id=2665847&use=l&cat=p&typeid=i","cat":316007},{"id":6354,"n":"Miel Nid d'Abeille Crémeux - 500 g","p":3.92,"u":"7,84 €/KG","img":"https://fd8-photos.leclercdrive.fr/image.ashx?id=760198&use=l&cat=p&typeid=i","cat":287643},{"id":6355,"n":"AOC Clairette de Die doux Rives et Terrasses - 75cl","p":5.29,"u":"7,05 €/L","img":"https://fd8-photos.leclercdrive.fr/image.ashx?id=2650178&use=l&cat=p&typeid=i","cat":284544},{"id":6357,"n":"Chorizo doux Saint Azay 30 tranches - 150g","p":2.09,"u":"13,93 €/KG","img":"https://fd8-photos.leclercdrive.fr/image.ashx?id=1873710&use=l&cat=p&typeid=i","cat":316007},{"id":6358,"n":"Gel nettoyant wc javel Syphon Agrumes 750ml","p":0.89,"u":"1,19 €/L","img":"https://fd8-photos.leclercdrive.fr/image.ashx?id=2669696&use=l&cat=p&typeid=i","cat":284662},{"id":6359,"n":"Croûtons Epi d'Or Fromage - 90g","p":0.99,"u":"11,00 €/KG","img":"https://fd8-photos.leclercdrive.fr/image.ashx?id=2651783&use=l&cat=p&typeid=i","cat":284464},{"id":6360,"n":"Croûtons Epi d'Or  Oignon - 90g","p":0.99,"u":"11,00 €/KG","img":"https://fd8-photos.leclercdrive.fr/image.ashx?id=2640986&use=l&cat=p&typeid=i","cat":284464},{"id":6361,"n":"Crème Dépilatoire Siliss Tous types de peaux - 200ml","p":1.79,"u":"8,95 €/L","img":"https://fd8-photos.leclercdrive.fr/image.ashx?id=2699678&use=l&cat=p&typeid=i","cat":325351},{"id":6362,"n":"Mélange Gourmand Tokapi  Graines et raisins - 120g","p":1.29,"u":"10,75 €/KG","img":"https://fd8-photos.leclercdrive.fr/image.ashx?id=2795547&use=l&cat=p&typeid=i","cat":284448},{"id":6364,"n":"Fromage Reblochon de Savoie NRT AOP - 450g","p":6.25,"u":"13,89 €/KG","img":"https://fd8-photos.leclercdrive.fr/image.ashx?id=2663809&use=l&cat=p&typeid=i","cat":314037},{"id":6365,"n":"Galettes sarrasin NRT de Bretagne 230g","p":1.79,"u":"7,78 €/KG","img":"https://fd8-photos.leclercdrive.fr/image.ashx?id=2770259&use=l&cat=p&typeid=i","cat":333672},{"id":6366,"n":"Crêpes de froment NRT de Bretagne 180g","p":1.99,"u":"11,06 €/KG","img":"https://fd8-photos.leclercdrive.fr/image.ashx?id=2771058&use=l&cat=p&typeid=i","cat":333672},{"id":6389,"n":"Confiture Bonne Maman Rhubarbe - 370g","p":1.99,"u":"5,38 €/KG","img":"https://fd8-photos.leclercdrive.fr/image.ashx?id=2482972&use=l&cat=p&typeid=i","cat":284480},{"id":6390,"n":"Compotes Andros Pomme banane 750g","p":1.46,"u":"1,95 €/KG","img":"https://fd8-photos.leclercdrive.fr/image.ashx?id=2396114&use=l&cat=p&typeid=i","cat":284508},{"id":6391,"n":"Compotes Andros Pomme poire 750g","p":1.89,"u":"2,52 €/KG","img":"https://fd8-photos.leclercdrive.fr/image.ashx?id=2396117&use=l&cat=p&typeid=i","cat":284508},{"id":6392,"n":"Compotes Andros Pomme vanille 750g","p":1.85,"u":"2,47 €/KG","img":"https://fd8-photos.leclercdrive.fr/image.ashx?id=2396120&use=l&cat=p&typeid=i","cat":284508},{"id":6397,"n":"Fruits au sirop St Mamet Cocktail avec son jus - 250g","p":1.77,"u":"7,08 €/KG","img":"https://fd8-photos.leclercdrive.fr/image.ashx?id=2412432&use=l&cat=p&typeid=i","cat":284507},{"id":6434,"n":"Eau gazeuse Cristaline 6x1,5L","p":1.94,"u":"0,22 €/L","img":"https://fd8-photos.leclercdrive.fr/image.ashx?id=2694602&use=l&cat=p&typeid=i","cat":284536},{"id":6437,"n":"Fromage P'tit Louis  Filet 8 Portions - 160g","p":2.81,"u":"17,56 €/KG","img":"https://fd8-photos.leclercdrive.fr/image.ashx?id=2845994&use=l&cat=p&typeid=i","cat":314030},{"id":6447,"n":"Bonbons Mentos  Fruits 4 rouleaux - 152g","p":2.09,"u":"13,75 €/KG","img":"https://fd8-photos.leclercdrive.fr/image.ashx?id=2659561&use=l&cat=p&typeid=i","cat":304256},{"id":6448,"n":"Petits pois carottes Très fins  Notre Jardin -A l'étuvée - 265g","p":0.95,"u":"3,58 €/KG","img":"https://fd8-photos.leclercdrive.fr/image.ashx?id=2987973&use=l&cat=p&typeid=i","cat":312607},{"id":6451,"n":"Pavé au poivre Saint Azay 8 tranches - 150g","p":2.69,"u":"17,93 €/KG","img":"https://fd8-photos.leclercdrive.fr/image.ashx?id=2078479&use=l&cat=p&typeid=i","cat":316007},{"id":6452,"n":"Flan Délisse Vanille Caramel - 12x100g","p":1.89,"u":"1,58 €/KG","img":"https://fd8-photos.leclercdrive.fr/image.ashx?id=2851637&use=l&cat=p&typeid=i","cat":284420},{"id":6455,"n":"Soufflés Snacks Tokapi Bacon - 60g","p":0.48,"u":"8,00 €/KG","img":"https://fd8-photos.leclercdrive.fr/image.ashx?id=2625062&use=l&cat=p&typeid=i","cat":284449},{"id":6456,"n":"Haricots beurre d'aucy Extra-fins - 220g","p":1.05,"u":"4,77 €/KG","img":"https://fd8-photos.leclercdrive.fr/image.ashx?id=2438123&use=l&cat=p&typeid=i","cat":312606},{"id":6457,"n":"Soufflés Vrilles Tokapi Pizza - 60g","p":1.05,"u":"17,50 €/KG","img":"https://fd8-photos.leclercdrive.fr/image.ashx?id=2034106&use=l&cat=p&typeid=i","cat":284449},{"id":6458,"n":"Haricots verts D'aucy  Extra-fins - 3x110g","p":2.05,"u":"6,21 €/KG","img":"https://fd8-photos.leclercdrive.fr/image.ashx?id=2503428&use=l&cat=p&typeid=i","cat":312606},{"id":6461,"n":"Crème dessert Mont Blanc Riz au lait Vanille - 4x125g","p":2.7,"u":"5,40 €/KG","img":"https://fd8-photos.leclercdrive.fr/image.ashx?id=2979614&use=l&cat=p&typeid=i","cat":284506},{"id":6467,"n":"Pâtes Macaroni Turini 1kg","p":1.35,"u":"1,35 €/KG","img":"https://fd8-photos.leclercdrive.fr/image.ashx?id=2980432&use=l&cat=p&typeid=i","cat":284427},{"id":6471,"n":"Lingettes Individuelles Hygiène Intime Hamamélis Intima x16","p":2.69,"u":"0,17 €/P","img":"https://fd8-photos.leclercdrive.fr/image.ashx?id=2959859&use=l&cat=p&typeid=i","cat":284627},{"id":6472,"n":"Miel L'Apiculteur crémeux  et onctueux- 500g","p":5.69,"u":"11,38 €/KG","img":"https://fd8-photos.leclercdrive.fr/image.ashx?id=2854387&use=l&cat=p&typeid=i","cat":287643},{"id":6484,"n":"Alcool modifié Mercurochrome 70° - 200ml","p":1.89,"u":"9,45 €/L","img":"https://fd8-photos.leclercdrive.fr/image.ashx?id=2663974&use=l&cat=p&typeid=i","cat":284630},{"id":6486,"n":"Biscuits apéritif Lay's 3D's Goût Bacon - 85g","p":0.89,"u":"10,47 €/KG","img":"https://fd8-photos.leclercdrive.fr/image.ashx?id=2917414&use=l&cat=p&typeid=i","cat":284449},{"id":6496,"n":"Sauce au Beurre Blan KNORR Échalote - Brique 30cl","p":1.37,"u":"4,57 €/L","img":"https://fd8-photos.leclercdrive.fr/image.ashx?id=2915991&use=l&cat=p&typeid=i","cat":288381},{"id":6504,"n":"Croûtons Gastromer AIl - 75g","p":0.82,"u":"10,93 €/KG","img":"https://fd8-photos.leclercdrive.fr/image.ashx?id=1713906&use=l&cat=p&typeid=i","cat":284464},{"id":6511,"n":"Pâtes Spaghetti Turini 1kg","p":1.35,"u":"1,35 €/KG","img":"https://fd8-photos.leclercdrive.fr/image.ashx?id=2980764&use=l&cat=p&typeid=i","cat":284427},{"id":6512,"n":"Riz long Comptoir du Grain Sachet cuisson rapide x4 - 500g","p":1.25,"u":"2,50 €/KG","img":"https://fd8-photos.leclercdrive.fr/image.ashx?id=2118454&use=l&cat=p&typeid=i","cat":284428},{"id":6513,"n":"Vinaigre de vin Rustica Aromatisé à l'échalote - 75cl","p":1.35,"u":"1,80 €/L","img":"https://fd8-photos.leclercdrive.fr/image.ashx?id=1659936&use=l&cat=p&typeid=i","cat":298543},{"id":6514,"n":"Margarine Nat & vie Idéal cuisson - 500g","p":1.29,"u":"2,58 €/KG","img":"https://fd8-photos.leclercdrive.fr/image.ashx?id=2903932&use=l&cat=p&typeid=i","cat":315229},{"id":6516,"n":"Gâteaux P'tit Déli Pépites au chocolat 5x30g","p":1.02,"u":"6,80 €/KG","img":"https://fd8-photos.leclercdrive.fr/image.ashx?id=1986647&use=l&cat=p&typeid=i","cat":284495},{"id":6519,"n":"Soufflés Frites Tokapi Salé - 80g","p":0.65,"u":"8,13 €/KG","img":"https://fd8-photos.leclercdrive.fr/image.ashx?id=2486074&use=l&cat=p&typeid=i","cat":284449},{"id":6521,"n":"Pâtes chinoises Tables du Monde 250g","p":1.19,"u":"4,76 €/KG","img":"https://fd8-photos.leclercdrive.fr/image.ashx?id=2572058&use=l&cat=p&typeid=i","cat":288992},{"id":6523,"n":"Champignons Paris Notre Jardin Emincés - 2x115g","p":1.71,"u":"7,43 €/KG","img":"https://fd8-photos.leclercdrive.fr/image.ashx?id=2724696&use=l&cat=p&typeid=i","cat":312610},{"id":6524,"n":"Dessert fruitier pomme Douceur du Verger 8x100g","p":1.69,"u":"2,11 €/KG","img":"https://fd8-photos.leclercdrive.fr/image.ashx?id=2566191&use=l&cat=p&typeid=i","cat":284416},{"id":6525,"n":"Serviette hygiénique Doulys Ultra - Super+ - x12","p":0.9,"u":"0,08 €/P","img":"https://fd8-photos.leclercdrive.fr/image.ashx?id=2838918&use=l&cat=p&typeid=i","cat":284624},{"id":6526,"n":"Serviette hygiénique Doulys Ultra - Spécial nuit - x10","p":1.29,"u":"0,13 €/P","img":"https://fd8-photos.leclercdrive.fr/image.ashx?id=2838921&use=l&cat=p&typeid=i","cat":284624},{"id":6579,"n":"Vinaigre d'alcool coloré Eco+ 1L","p":0.35,"u":"0,35 €/L","img":"https://fd8-photos.leclercdrive.fr/image.ashx?id=1701319&use=l&cat=p&typeid=i","cat":298543},{"id":6580,"n":"Fromage de chévre Les Croisés 150g","p":1.42,"u":"9,47 €/KG","img":"https://fd8-photos.leclercdrive.fr/image.ashx?id=2684823&use=l&cat=p&typeid=i","cat":314031},{"id":6581,"n":"Fromage : Le carrou Les croisés Authentique - 27% mg - 220g","p":2.43,"u":"11,05 €/KG","img":"https://fd8-photos.leclercdrive.fr/image.ashx?id=2084934&use=l&cat=p&typeid=i","cat":314033},{"id":6582,"n":"Coulommiers De pays  Les Croisés - 21% mg - 350g","p":2.55,"u":"7,29 €/KG","img":"https://fd8-photos.leclercdrive.fr/image.ashx?id=2463465&use=l&cat=p&typeid=i","cat":314033},{"id":6589,"n":"Fromage Chaource NRT AOP  250g","p":3.55,"u":"14,20 €/KG","img":"https://fd8-photos.leclercdrive.fr/image.ashx?id=2874768&use=l&cat=p&typeid=i","cat":329558},{"id":6630,"n":"Pâtes torsettes Turini Les 3 min - 500g","p":0.82,"u":"1,64 €/KG","img":"https://fd8-photos.leclercdrive.fr/image.ashx?id=2607467&use=l&cat=p&typeid=i","cat":284427},{"id":6633,"n":"Eau déminéralisée 5L","p":1.78,"u":"0,36 €/L","img":"https://fd8-photos.leclercdrive.fr/image.ashx?id=2277020&use=l&cat=p&typeid=i","cat":284653},{"id":6686,"n":"Haricot Coco 500g","p":2.59,"u":"5,18 €/KG","img":"https://fd8-photos.leclercdrive.fr/image.ashx?id=578701&use=l&cat=p&typeid=i","cat":284352},{"id":6687,"n":"Chou chinois 1p","p":2.59,"img":"https://fd8-photos.leclercdrive.fr/image.ashx?id=578704&use=l&cat=p&typeid=i","cat":284352},{"id":6711,"n":"Spray nettoyant vitres Clair Recharge 750ml","p":1.09,"u":"1,45 €/L","img":"https://fd8-photos.leclercdrive.fr/image.ashx?id=1647691&use=l&cat=p&typeid=i","cat":325363},{"id":6712,"n":"Spray nettoyant vitres Clair 750ml","p":1.29,"u":"1,72 €/L","img":"https://fd8-photos.leclercdrive.fr/image.ashx?id=2943623&use=l&cat=p&typeid=i","cat":325363},{"id":6714,"n":"Fromage raclette Entremont Saveur d'Antan 350g","p":4.35,"u":"12,43 €/KG","img":"https://fd8-photos.leclercdrive.fr/image.ashx?id=2984985&use=l&cat=p&typeid=i","cat":314037},{"id":6715,"n":"Assiette charcuterie Saint Azay 200g","p":3.11,"u":"15,55 €/KG","img":"https://fd8-photos.leclercdrive.fr/image.ashx?id=2417734&use=l&cat=p&typeid=i","cat":316007},{"id":6779,"n":"Sauce Olives Basilic Panzani 400g","p":1.75,"u":"4,38 €/KG","img":"https://fd8-photos.leclercdrive.fr/image.ashx?id=2880679&use=l&cat=p&typeid=i","cat":288384},{"id":6780,"n":"Ail semoule Ducros 60g","p":1.87,"u":"31,17 €/KG","img":"https://fd8-photos.leclercdrive.fr/image.ashx?id=2498672&use=l&cat=p&typeid=i","cat":298297},{"id":6782,"n":"Cannelle en bâton Ducros 10g","p":1.33,"u":"133,00 €/KG","img":"https://fd8-photos.leclercdrive.fr/image.ashx?id=1748573&use=l&cat=p&typeid=i","cat":298297},{"id":6788,"n":"Herbes de provence Ducros 18g","p":0.67,"u":"37,22 €/KG","img":"https://fd8-photos.leclercdrive.fr/image.ashx?id=2486533&use=l&cat=p&typeid=i","cat":298297},{"id":6791,"n":"Piment de cayenne moulu Ducros Extra fort - 38g","p":1.23,"u":"32,37 €/KG","img":"https://fd8-photos.leclercdrive.fr/image.ashx?id=2559433&use=l&cat=p&typeid=i","cat":298297},{"id":6797,"n":"Herbes de Provence Ducros 120g","p":3.66,"u":"30,50 €/KG","img":"https://fd8-photos.leclercdrive.fr/image.ashx?id=2383571&use=l&cat=p&typeid=i","cat":298297},{"id":6798,"n":"Safran en poudre Ducros 3 doses de 0.1g","p":2.81,"img":"https://fd8-photos.leclercdrive.fr/image.ashx?id=2490488&use=l&cat=p&typeid=i","cat":298297},{"id":6799,"n":"Poivre gris moulu et sel Ducros 2x34g","p":1.56,"u":"22,94 €/KG","img":"https://fd8-photos.leclercdrive.fr/image.ashx?id=2759457&use=l&cat=p&typeid=i","cat":284457},{"id":6800,"n":"Baies roses entières Ducros 20g","p":1.34,"u":"67,00 €/KG","img":"https://fd8-photos.leclercdrive.fr/image.ashx?id=2486575&use=l&cat=p&typeid=i","cat":284457},{"id":6803,"n":"Pralin Vahiné 100g","p":2.25,"u":"22,50 €/KG","img":"https://fd8-photos.leclercdrive.fr/image.ashx?id=2559775&use=l&cat=p&typeid=i","cat":284504},{"id":6804,"n":"Décor pour gateaux Vahiné Vermicelles Arc-en-ciel - 65g","p":1.12,"u":"17,23 €/KG","img":"https://fd8-photos.leclercdrive.fr/image.ashx?id=2524311&use=l&cat=p&typeid=i","cat":284504},{"id":6829,"n":"Sucre Daddy n°4 Morceaux - 1kg","p":1.92,"u":"1,92 €/KG","img":"https://fd8-photos.leclercdrive.fr/image.ashx?id=2936056&use=l&cat=p&typeid=i","cat":284502},{"id":6830,"n":"Sucre Cristal Daddy 1kg","p":0.84,"u":"0,84 €/KG","img":"https://fd8-photos.leclercdrive.fr/image.ashx?id=2975855&use=l&cat=p&typeid=i","cat":284502},{"id":6831,"n":"Sucre en poudre Daddy 1kg","p":1.61,"u":"1,61 €/KG","img":"https://fd8-photos.leclercdrive.fr/image.ashx?id=2936062&use=l&cat=p&typeid=i","cat":284502},{"id":6834,"n":"Soufflés l'Original Curly Cacahuète - 60g","p":0.67,"u":"11,17 €/KG","img":"https://fd8-photos.leclercdrive.fr/image.ashx?id=2971035&use=l&cat=p&typeid=i","cat":284449},{"id":6837,"n":"Madeleines longues P'tit Déli 440g","p":2.55,"u":"5,80 €/KG","img":"https://fd8-photos.leclercdrive.fr/image.ashx?id=2540310&use=l&cat=p&typeid=i","cat":284492},{"id":6843,"n":"AOP Champagne Alfred Rothschild Brut 12.5%vol - 75cl","p":38.52,"u":"51,36 €/L","img":"https://fd8-photos.leclercdrive.fr/image.ashx?id=2979683&use=l&cat=p&typeid=i","cat":284542},{"id":6847,"n":"Canapés toasts Epi d'Or Briochés - 250g","p":1.12,"u":"4,48 €/KG","img":"https://fd8-photos.leclercdrive.fr/image.ashx?id=2564488&use=l&cat=p&typeid=i","cat":285454},{"id":6879,"n":"Fromage Gouda Les Croisés En tranche - 200g","p":1.97,"u":"9,85 €/KG","img":"https://fd8-photos.leclercdrive.fr/image.ashx?id=2028173&use=l&cat=p&typeid=i","cat":314028},{"id":6880,"n":"Fromage Mimolette Les Croisés En tranche x8 - 200g","p":1.85,"u":"9,25 €/KG","img":"https://fd8-photos.leclercdrive.fr/image.ashx?id=2028176&use=l&cat=p&typeid=i","cat":314028},{"id":6881,"n":"Fromage Maasdam Les Croisés En tranche x8 - 200g","p":1.91,"u":"9,55 €/KG","img":"https://fd8-photos.leclercdrive.fr/image.ashx?id=1990673&use=l&cat=p&typeid=i","cat":314028},{"id":6892,"n":"Pâtes Piccolini Barilla Mini Pipe Rigate- 500g","p":1.35,"u":"2,70 €/KG","img":"https://fd8-photos.leclercdrive.fr/image.ashx?id=2964108&use=l&cat=p&typeid=i","cat":284427},{"id":6911,"n":"Cartouches d'encre Esquisse Courtes - bleu - x30","p":0.99,"u":"0,03 €/P","img":"https://fd8-photos.leclercdrive.fr/image.ashx?id=1678420&use=l&cat=p&typeid=i","cat":284696},{"id":6928,"n":"Préparation pour fondue Les Croisés 18%mg 400g","p":3.42,"u":"8,55 €/KG","img":"https://fd8-photos.leclercdrive.fr/image.ashx?id=2791761&use=l&cat=p&typeid=i","cat":314037},{"id":7005,"n":"Petits pots Babybio - 4 mois Bio Légumes verts - 2x130g","p":2.25,"u":"8,65 €/KG","img":"https://fd8-photos.leclercdrive.fr/image.ashx?id=2733271&use=l&cat=p&typeid=i","cat":312234},{"id":7006,"n":"Repas bébé Bio Babybio - 4 mois Carotte & Potimarron - 2x130g","p":1.74,"u":"6,69 €/KG","img":"https://fd8-photos.leclercdrive.fr/image.ashx?id=2837757&use=l&cat=p&typeid=i","cat":312234},{"id":7007,"n":"Petits pots Babybio 6 mois - Petits pois - 2x130g","p":1.74,"u":"6,69 €/KG","img":"https://fd8-photos.leclercdrive.fr/image.ashx?id=2827446&use=l&cat=p&typeid=i","cat":312235},{"id":7008,"n":"Repas bébé epinard  Babybio Bio - Pomme de terre  2x130g","p":2.08,"u":"8,00 €/KG","img":"https://fd8-photos.leclercdrive.fr/image.ashx?id=2827449&use=l&cat=p&typeid=i","cat":312234},{"id":7010,"n":"Repas bébé Babybio - 4 mois Panais Bio - 2x130g","p":2.07,"u":"7,96 €/KG","img":"https://fd8-photos.leclercdrive.fr/image.ashx?id=2827452&use=l&cat=p&typeid=i","cat":312234},{"id":7012,"n":"Compote bébé Babybio - 4 mois Bio Poire williams - 2x130g","p":1.82,"u":"7,00 €/KG","img":"https://fd8-photos.leclercdrive.fr/image.ashx?id=2834515&use=l&cat=p&typeid=i","cat":312387},{"id":7013,"n":"Compote bébé Babybio Bio 4 mois Pomme / Pêche - 2x130g","p":2.52,"u":"9,69 €/KG","img":"https://fd8-photos.leclercdrive.fr/image.ashx?id=2859362&use=l&cat=p&typeid=i","cat":312387},{"id":7014,"n":"Compote bébé bio Babybio Pomme abricot - 4 mois - 2x130g","p":1.91,"u":"7,35 €/KG","img":"https://fd8-photos.leclercdrive.fr/image.ashx?id=2838320&use=l&cat=p&typeid=i","cat":312387},{"id":7015,"n":"Compote bébé bio Babybio Pomme coing - 4 mois - 2x130g","p":2.9,"u":"11,15 €/KG","img":"https://fd8-photos.leclercdrive.fr/image.ashx?id=2838323&use=l&cat=p&typeid=i","cat":312387},{"id":7016,"n":"Compote bébé Babybio Bio 4 mois Pomme / Pruneau - 2x130g","p":2.7,"u":"10,38 €/KG","img":"https://fd8-photos.leclercdrive.fr/image.ashx?id=2838326&use=l&cat=p&typeid=i","cat":312387},{"id":7017,"n":"Compote bébé Babybio Bio 4 mois Pomme / Banane - 2x130g","p":1.95,"u":"7,50 €/KG","img":"https://fd8-photos.leclercdrive.fr/image.ashx?id=2832011&use=l&cat=p&typeid=i","cat":312387},{"id":7018,"n":"Dessert bébé BabyBio - 6 mois Délice de Fruits Bio - 2x130g","p":1.91,"u":"7,35 €/KG","img":"https://fd8-photos.leclercdrive.fr/image.ashx?id=2838329&use=l&cat=p&typeid=i","cat":312388},{"id":7019,"n":"Compote Cool Fruits bio Vitabio Pomme Pêche Abricot - 4x90g","p":3.46,"u":"9,61 €/KG","img":"https://fd8-photos.leclercdrive.fr/image.ashx?id=2621414&use=l&cat=p&typeid=i","cat":284508},{"id":7025,"n":"Pizza Cuite sur pierre Turini Jambon fromage - 400g","p":2.85,"u":"7,13 €/KG","img":"https://fd8-photos.leclercdrive.fr/image.ashx?id=2815223&use=l&cat=p&typeid=i","cat":284256},{"id":7029,"n":"Velouté de carotte Régal A la Crème fraîche - 1L","p":1.41,"u":"1,41 €/L","img":"https://fd8-photos.leclercdrive.fr/image.ashx?id=2905889&use=l&cat=p&typeid=i","cat":284462},{"id":7030,"n":"Sauce Tomate cuisinée Turini Aux petits légumes - 180g","p":0.84,"u":"4,67 €/KG","img":"https://fd8-photos.leclercdrive.fr/image.ashx?id=2490034&use=l&cat=p&typeid=i","cat":288384},{"id":7056,"n":"Soupe de poissons MSC Pêche Océan - 1kg","p":2.99,"u":"2,99 €/KG","img":"https://fd8-photos.leclercdrive.fr/image.ashx?id=2480060&use=l&cat=p&typeid=i","cat":287366},{"id":7057,"n":"Rouille méditerranéenne NRT 90g","p":2.05,"u":"22,78 €/KG","img":"https://fd8-photos.leclercdrive.fr/image.ashx?id=2991157&use=l&cat=p&typeid=i","cat":285192},{"id":7059,"n":"Compote Cool Fruits bio Vitabio Pomme Fraise Myrtille - 4x90g","p":3.9,"u":"10,83 €/KG","img":"https://fd8-photos.leclercdrive.fr/image.ashx?id=2830303&use=l&cat=p&typeid=i","cat":284508},{"id":7064,"n":"Fruit à tartiner Vitabio Griotte bio - 290g","p":3.45,"u":"11,90 €/KG","img":"https://fd8-photos.leclercdrive.fr/image.ashx?id=2621297&use=l&cat=p&typeid=i","cat":284480},{"id":7071,"n":"Petits Boudoirs Babybio Bio - Orange Douce - 120g","p":2.64,"u":"22,00 €/KG","img":"https://fd8-photos.leclercdrive.fr/image.ashx?id=2733262&use=l&cat=p&typeid=i","cat":312227},{"id":7085,"n":"Vin mousseux d'Union Européenne  Demi-sec -75cl","p":2.89,"u":"3,85 €/L","img":"https://fd8-photos.leclercdrive.fr/image.ashx?id=1951019&use=l&cat=p&typeid=i","cat":284544},{"id":7095,"n":"Compote Cool Fruits bio Vitabio Pomme Banane - 4x90g","p":3.48,"u":"9,67 €/KG","img":"https://fd8-photos.leclercdrive.fr/image.ashx?id=2733346&use=l&cat=p&typeid=i","cat":284508},{"id":7126,"n":"Riz cantonais  Traditions d'Asie - 400g","p":4.59,"u":"11,48 €/KG","img":"https://fd8-photos.leclercdrive.fr/image.ashx?id=2505043&use=l&cat=p&typeid=i","cat":333673},{"id":7127,"n":"Sauce soja Jardin Bio' Bio - 125ml","p":1.7,"u":"13,60 €/L","img":"https://fd8-photos.leclercdrive.fr/image.ashx?id=2740118&use=l&cat=p&typeid=i","cat":288992},{"id":7128,"n":"Porc au caramel Tables du Monde Riz thaï 300g","p":3.05,"u":"10,17 €/KG","img":"https://fd8-photos.leclercdrive.fr/image.ashx?id=2700957&use=l&cat=p&typeid=i","cat":333665},{"id":7132,"n":"Samoussa Tables du Monde Crevette curry - x6 - 200g","p":3.19,"u":"13,87 €/KG","img":"https://fd8-photos.leclercdrive.fr/image.ashx?id=2591712&use=l&cat=p&typeid=i","cat":333673},{"id":7191,"n":"Nouilles chinoises Tanoshi blé tendre - 250g","p":1.13,"u":"4,52 €/KG","img":"https://fd8-photos.leclercdrive.fr/image.ashx?id=2850892&use=l&cat=p&typeid=i","cat":288992},{"id":7199,"n":"Crème noix coco Kara - brique de 200ml","p":1.79,"u":"8,95 €/KG","img":"https://fd8-photos.leclercdrive.fr/image.ashx?id=2906892&use=l&cat=p&typeid=i","cat":288992},{"id":7216,"n":"Talc bébé Mots d'Enfants 250g","p":1.89,"u":"7,56 €/KG","img":"https://fd8-photos.leclercdrive.fr/image.ashx?id=3015033&use=l&cat=p&typeid=i","cat":284741},{"id":7267,"n":"Pâtes Etoiles Panzani 500g","p":1.45,"u":"2,90 €/KG","img":"https://fd8-photos.leclercdrive.fr/image.ashx?id=2896060&use=l&cat=p&typeid=i","cat":284427},{"id":7279,"n":"Lait frais GrandLait Bio Entier - Bouteille 1L","p":1.99,"u":"1,99 €/L","img":"https://fd8-photos.leclercdrive.fr/image.ashx?id=2916192&use=l&cat=p&typeid=i","cat":285609},{"id":7282,"n":"Compote Douceur du Verger  Pomme Poire - 4x100g","p":1.09,"u":"2,73 €/KG","img":"https://fd8-photos.leclercdrive.fr/image.ashx?id=2956903&use=l&cat=p&typeid=i","cat":284416},{"id":7283,"n":"Compote Douceur du Verger Pomme banane - 4x100g","p":1.25,"u":"3,13 €/KG","img":"https://fd8-photos.leclercdrive.fr/image.ashx?id=2956906&use=l&cat=p&typeid=i","cat":284416},{"id":7284,"n":"Compote Douceur du Verger Pomme Fraise - 4x100g","p":1.09,"u":"2,73 €/KG","img":"https://fd8-photos.leclercdrive.fr/image.ashx?id=3009779&use=l&cat=p&typeid=i","cat":284416},{"id":7289,"n":"Crème Dépilatoire Siliss Peaux sensibles - 200ml","p":1.79,"u":"8,95 €/L","img":"https://fd8-photos.leclercdrive.fr/image.ashx?id=2699675&use=l&cat=p&typeid=i","cat":325351},{"id":7291,"n":"Jus d'orange sanguine Jafaden 1L","p":3.25,"u":"3,25 €/L","img":"https://fd8-photos.leclercdrive.fr/image.ashx?id=2916671&use=l&cat=p&typeid=i","cat":285435},{"id":7294,"n":"Huile de tournesol Bio Village Bio - 75cl","p":3.59,"u":"4,79 €/L","img":"https://fd8-photos.leclercdrive.fr/image.ashx?id=2894746&use=l&cat=p&typeid=i","cat":284453},{"id":7315,"n":"Concentré de tomates Eco+ 2x140g","p":1.28,"u":"4,57 €/KG","img":"https://fd8-photos.leclercdrive.fr/image.ashx?id=3013564&use=l&cat=p&typeid=i","cat":288384},{"id":7316,"n":"Concentré de tomates Eco+ 3x70g","p":1.75,"u":"8,33 €/KG","img":"https://fd8-photos.leclercdrive.fr/image.ashx?id=2681571&use=l&cat=p&typeid=i","cat":288384},{"id":7343,"n":"Pâtes Panzani Penne rigate - 500g","p":1.13,"u":"2,26 €/KG","img":"https://fd8-photos.leclercdrive.fr/image.ashx?id=2876011&use=l&cat=p&typeid=i","cat":284427},{"id":7344,"n":"Pâtes petits paniers Panzani 500g","p":1.29,"u":"2,58 €/KG","img":"https://fd8-photos.leclercdrive.fr/image.ashx?id=2876014&use=l&cat=p&typeid=i","cat":284427},{"id":7345,"n":"Pâtes serpentini Panzani 500g","p":1.17,"u":"2,34 €/KG","img":"https://fd8-photos.leclercdrive.fr/image.ashx?id=2876044&use=l&cat=p&typeid=i","cat":284427},{"id":7349,"n":"Croquettes chat One Purina Stérilisé - Boeuf/Blé - 450g","p":2.69,"u":"5,98 €/KG","img":"https://fd8-photos.leclercdrive.fr/image.ashx?id=2681044&use=l&cat=p&typeid=i","cat":284680},{"id":7350,"n":"Couscous à la Marocaine  Garbit - 285g","p":2.49,"u":"8,74 €/KG","img":"https://fd8-photos.leclercdrive.fr/image.ashx?id=2672128&use=l&cat=p&typeid=i","cat":284953},{"id":7359,"n":"Gorgonzola AOP Les Croisés -150g","p":2.47,"u":"16,47 €/KG","img":"https://fd8-photos.leclercdrive.fr/image.ashx?id=2796037&use=l&cat=p&typeid=i","cat":314032},{"id":7360,"n":"Mortadelle Italienne Saint Azay 12 tranches 150g","p":2.14,"u":"14,27 €/KG","img":"https://fd8-photos.leclercdrive.fr/image.ashx?id=2704481&use=l&cat=p&typeid=i","cat":316009},{"id":7361,"n":"Fromage Edam Les Croisés En tranche x8 - 200g","p":1.97,"u":"9,85 €/KG","img":"https://fd8-photos.leclercdrive.fr/image.ashx?id=2041351&use=l&cat=p&typeid=i","cat":314028},{"id":7362,"n":"Riz Basmati Comptoir du Grain Express 2 min - 250g","p":0.99,"u":"3,96 €/KG","img":"https://fd8-photos.leclercdrive.fr/image.ashx?id=2441192&use=l&cat=p&typeid=i","cat":287600},{"id":7363,"n":"Riz Express Comptoir du Grain A la méditerranéenne - 250g","p":1.2,"u":"4,80 €/KG","img":"https://fd8-photos.leclercdrive.fr/image.ashx?id=2856474&use=l&cat=p&typeid=i","cat":287600},{"id":7364,"n":"Sauce au poivre vert Rustica 30g","p":0.6,"u":"20,00 €/KG","img":"https://fd8-photos.leclercdrive.fr/image.ashx?id=2965422&use=l&cat=p&typeid=i","cat":288381},{"id":7366,"n":"Sauce Champignons Rustica 27g","p":0.55,"u":"20,37 €/KG","img":"https://fd8-photos.leclercdrive.fr/image.ashx?id=2188829&use=l&cat=p&typeid=i","cat":288381},{"id":7368,"n":"Chiffonnade de jambon sec Saint Azay affiné 7 mois - 100g","p":2.99,"u":"29,90 €/KG","img":"https://fd8-photos.leclercdrive.fr/image.ashx?id=2462254&use=l&cat=p&typeid=i","cat":316007},{"id":7369,"n":"Chiffonades de rosette Saint Azay - 100g","p":2.0,"u":"20,00 €/KG","img":"https://fd8-photos.leclercdrive.fr/image.ashx?id=2401891&use=l&cat=p&typeid=i","cat":316007},{"id":7375,"n":"Lunettes de Romans NRT Fraise - 350g","p":2.75,"u":"7,86 €/KG","img":"https://fd8-photos.leclercdrive.fr/image.ashx?id=2791920&use=l&cat=p&typeid=i","cat":284489},{"id":7376,"n":"Lunettes de Romans NRT Myrtille - 350g","p":2.89,"u":"8,26 €/KG","img":"https://fd8-photos.leclercdrive.fr/image.ashx?id=2791923&use=l&cat=p&typeid=i","cat":284487},{"id":7378,"n":"Jambon d'Auvergne IGP NRT x4 - 100g","p":3.4,"u":"34,00 €/KG","img":"https://fd8-photos.leclercdrive.fr/image.ashx?id=2670419&use=l&cat=p&typeid=i","cat":316007},{"id":7379,"n":"Jambon de Savoie NRT x6 - 90g","p":2.66,"u":"29,56 €/KG","img":"https://fd8-photos.leclercdrive.fr/image.ashx?id=2670422&use=l&cat=p&typeid=i","cat":316007},{"id":7381,"n":"Sachet repas chats Gourmet 4 variétés poissons - 4x85g","p":1.99,"u":"5,85 €/KG","img":"https://fd8-photos.leclercdrive.fr/image.ashx?id=2867788&use=l&cat=p&typeid=i","cat":285286},{"id":7424,"n":"Bouillon Cubes bouquet garni Knorr - thym persil laurier -x9","p":1.25,"u":"12,63 €/KG","img":"https://fd8-photos.leclercdrive.fr/image.ashx?id=2915667&use=l&cat=p&typeid=i","cat":288379},{"id":7425,"n":"Jus de rôti Knorr 8 tablettes 72g","p":1.25,"u":"17,36 €/KG","img":"https://fd8-photos.leclercdrive.fr/image.ashx?id=2770353&use=l&cat=p&typeid=i","cat":288379},{"id":7433,"n":"Vinaigrette Rustica Fines herbes - 50cl","p":1.19,"u":"2,38 €/L","img":"https://fd8-photos.leclercdrive.fr/image.ashx?id=1964912&use=l&cat=p&typeid=i","cat":284456},{"id":7434,"n":"Quatre-quart P'tit Déli De Bretagne 500g","p":2.79,"u":"5,58 €/KG","img":"https://fd8-photos.leclercdrive.fr/image.ashx?id=2891875&use=l&cat=p&typeid=i","cat":294776},{"id":7437,"n":"Pâte brisée Tablier Blanc Au beurre - 230g","p":1.19,"u":"5,17 €/KG","img":"https://fd8-photos.leclercdrive.fr/image.ashx?id=2635892&use=l&cat=p&typeid=i","cat":333681},{"id":7439,"n":"Vinaigrette Rustica Nature - 1L","p":1.76,"u":"1,76 €/L","img":"https://fd8-photos.leclercdrive.fr/image.ashx?id=1972904&use=l&cat=p&typeid=i","cat":284456},{"id":7441,"n":"Huile de friture Rustica 1L","p":2.75,"u":"2,75 €/L","img":"https://fd8-photos.leclercdrive.fr/image.ashx?id=2900331&use=l&cat=p&typeid=i","cat":284453},{"id":7443,"n":"Dessert fruitier pomme poire Douceur du Verger s/sucre 4x97g","p":1.25,"u":"3,22 €/KG","img":"https://fd8-photos.leclercdrive.fr/image.ashx?id=2956912&use=l&cat=p&typeid=i","cat":284416},{"id":7444,"n":"Dessert fruitier pomme Douceur du Verger s/sucre 4x97g","p":1.05,"u":"2,71 €/KG","img":"https://fd8-photos.leclercdrive.fr/image.ashx?id=2979340&use=l&cat=p&typeid=i","cat":284416},{"id":7448,"n":"Compote Douceur du Verger Coupelle pomme pruneau - 4x100g","p":1.36,"u":"3,40 €/KG","img":"https://fd8-photos.leclercdrive.fr/image.ashx?id=2663479&use=l&cat=p&typeid=i","cat":284508},{"id":7450,"n":"Gâteaux fourrés P'tit Déli Fraise x7 - 196g","p":2.8,"u":"14,29 €/KG","img":"https://fd8-photos.leclercdrive.fr/image.ashx?id=2659777&use=l&cat=p&typeid=i","cat":284495},{"id":7451,"n":"Biscuits P'tit Déli Goûters Fourrés au chocolat 2x300g","p":2.3,"u":"3,83 €/KG","img":"https://fd8-photos.leclercdrive.fr/image.ashx?id=2116182&use=l&cat=p&typeid=i","cat":284488},{"id":7455,"n":"Fromage Bleu des Causses NRT  AOP - 125g","p":1.99,"u":"15,92 €/KG","img":"https://fd8-photos.leclercdrive.fr/image.ashx?id=2771043&use=l&cat=p&typeid=i","cat":314032},{"id":7459,"n":"Pâtes Barilla Spaghetti n°5 - 500g","p":1.0,"u":"2,00 €/KG","img":"https://fd8-photos.leclercdrive.fr/image.ashx?id=2392200&use=l&cat=p&typeid=i","cat":284427},{"id":7465,"n":"Actifidus Délisse Citron - 4x125g","p":1.36,"u":"2,72 €/KG","img":"https://fd8-photos.leclercdrive.fr/image.ashx?id=2501673&use=l&cat=p&typeid=i","cat":315000},{"id":7466,"n":"Pain grillé Epi d'or Brioché x26 - 300g","p":2.15,"u":"7,17 €/KG","img":"https://fd8-photos.leclercdrive.fr/image.ashx?id=2532835&use=l&cat=p&typeid=i","cat":284479},{"id":7529,"n":"Fromage Comté Entremont 200g","p":3.15,"u":"15,75 €/KG","img":"https://fd8-photos.leclercdrive.fr/image.ashx?id=2983144&use=l&cat=p&typeid=i","cat":314034},{"id":7530,"n":"Crème fraîche épaisse Bridélice 15%mg 20cl","p":0.86,"u":"4,30 €/L","img":"https://fd8-photos.leclercdrive.fr/image.ashx?id=2970873&use=l&cat=p&typeid=i","cat":284381},{"id":7531,"n":"Faisselle Rians 6%mg - 500g","p":2.09,"u":"4,18 €/KG","img":"https://fd8-photos.leclercdrive.fr/image.ashx?id=2542324&use=l&cat=p&typeid=i","cat":284409},{"id":7540,"n":"Barquette chiens Lydog Au Poulet et Rognons - 300g","p":1.35,"u":"4,50 €/KG","img":"https://fd8-photos.leclercdrive.fr/image.ashx?id=1881530&use=l&cat=p&typeid=i","cat":284673},{"id":7541,"n":"Barquette chiens Lydog Au Boeuf et Coeur - 300g","p":1.63,"u":"5,43 €/KG","img":"https://fd8-photos.leclercdrive.fr/image.ashx?id=2042430&use=l&cat=p&typeid=i","cat":284673},{"id":7542,"n":"Barquette chien Lydog au Foie et Volailles - 300g","p":1.45,"u":"4,83 €/KG","img":"https://fd8-photos.leclercdrive.fr/image.ashx?id=2042436&use=l&cat=p&typeid=i","cat":284673},{"id":7548,"n":"Ail Rustica 100g","p":1.69,"u":"16,90 €/KG","img":"https://fd8-photos.leclercdrive.fr/image.ashx?id=2365451&use=l&cat=p&typeid=i","cat":319804},{"id":7549,"n":"Persil Rustica 50g","p":0.99,"u":"19,80 €/KG","img":"https://fd8-photos.leclercdrive.fr/image.ashx?id=2365454&use=l&cat=p&typeid=i","cat":319804},{"id":7556,"n":"Olives fromage Pause Fraîcheur 150g","p":1.99,"u":"13,27 €/KG","img":"https://fd8-photos.leclercdrive.fr/image.ashx?id=2601286&use=l&cat=p&typeid=i","cat":316002},{"id":7560,"n":"Barquettes chats Tous mes amis Mousselines 4 variétés - 4x85g","p":1.75,"u":"5,15 €/KG","img":"https://fd8-photos.leclercdrive.fr/image.ashx?id=2815749&use=l&cat=p&typeid=i","cat":285286},{"id":7563,"n":"Coulis de tomate bio Jardin Bio 500g","p":1.58,"u":"3,16 €/KG","img":"https://fd8-photos.leclercdrive.fr/image.ashx?id=2918841&use=l&cat=p&typeid=i","cat":288384},{"id":7578,"n":"Thé vert bio orange Jardin Bio' Bergamote Max Havelaar x20 30g","p":1.89,"u":"63,00 €/KG","img":"https://fd8-photos.leclercdrive.fr/image.ashx?id=2792666&use=l&cat=p&typeid=i","cat":293233},{"id":7585,"n":"Echalote Rustica 100g","p":1.69,"u":"16,90 €/KG","img":"https://fd8-photos.leclercdrive.fr/image.ashx?id=2365457&use=l&cat=p&typeid=i","cat":319804},{"id":7586,"n":"Fond de veau Rustica 110g","p":2.11,"u":"19,18 €/KG","img":"https://fd8-photos.leclercdrive.fr/image.ashx?id=2188679&use=l&cat=p&typeid=i","cat":288379},{"id":7589,"n":"Biscuits Mikado LU Chocolat au lait - 3x39g","p":2.2,"u":"18,80 €/KG","img":"https://fd8-photos.leclercdrive.fr/image.ashx?id=3001970&use=l&cat=p&typeid=i","cat":284488},{"id":7598,"n":"Ravioli de volaille Jardin Bio' Bio - 700g","p":3.74,"u":"5,34 €/KG","img":"https://fd8-photos.leclercdrive.fr/image.ashx?id=2950183&use=l&cat=p&typeid=i","cat":284442},{"id":7599,"n":"Haricots verts Jardin Bio' Bio extra fin coupés - 360g","p":2.29,"u":"6,36 €/KG","img":"https://fd8-photos.leclercdrive.fr/image.ashx?id=2967151&use=l&cat=p&typeid=i","cat":312606},{"id":7600,"n":"Petits pois carottes JardinBio' Bio - 420g","p":2.25,"u":"5,36 €/KG","img":"https://fd8-photos.leclercdrive.fr/image.ashx?id=2947958&use=l&cat=p&typeid=i","cat":312607},{"id":7601,"n":"Dessert fruitier Jardin Bio' bio Pomme vanille bourbon 680g","p":2.33,"u":"3,43 €/KG","img":"https://fd8-photos.leclercdrive.fr/image.ashx?id=2967786&use=l&cat=p&typeid=i","cat":284508},{"id":7610,"n":"Préparation crêpes Francine 380g","p":1.34,"u":"3,53 €/KG","img":"https://fd8-photos.leclercdrive.fr/image.ashx?id=2989120&use=l&cat=p&typeid=i","cat":284505},{"id":7646,"n":"Spaghetti Jardin Bio Bio quinoa persil ail - 500g","p":1.75,"u":"3,50 €/KG","img":"https://fd8-photos.leclercdrive.fr/image.ashx?id=3014542&use=l&cat=p&typeid=i","cat":284427},{"id":7655,"n":"Compote Andros Pomme framboise - 4x100g","p":1.69,"u":"4,23 €/KG","img":"https://fd8-photos.leclercdrive.fr/image.ashx?id=2907875&use=l&cat=p&typeid=i","cat":284416},{"id":7666,"n":"Camembert Lepetit  250g","p":2.59,"u":"10,36 €/KG","img":"https://fd8-photos.leclercdrive.fr/image.ashx?id=2504350&use=l&cat=p&typeid=i","cat":314033},{"id":7693,"n":"Magret de canard Sud Ouest NRT Séché - 90g","p":3.99,"u":"44,33 €/KG","img":"https://fd8-photos.leclercdrive.fr/image.ashx?id=2966842&use=l&cat=p&typeid=i","cat":316007},{"id":7713,"n":"Dessert fruitier pomme pruneaux Douceur du Verger s/sucre4x100g","p":1.54,"u":"3,85 €/KG","img":"https://fd8-photos.leclercdrive.fr/image.ashx?id=1962960&use=l&cat=p&typeid=i","cat":284416},{"id":7750,"n":"Boulghour bio Céréal Bio  repas express 250g","p":1.52,"u":"6,08 €/KG","img":"https://fd8-photos.leclercdrive.fr/image.ashx?id=2575045&use=l&cat=p&typeid=i","cat":284429},{"id":7761,"n":"Galette Croq'Soja Céréal Bio  Bio provençale x2 200g","p":2.14,"u":"10,70 €/KG","img":"https://fd8-photos.leclercdrive.fr/image.ashx?id=2574296&use=l&cat=p&typeid=i","cat":284953},{"id":7857,"n":"Croquettes chiens Fido Au boeuf 1kg","p":2.54,"u":"2,54 €/KG","img":"https://fd8-photos.leclercdrive.fr/image.ashx?id=2972964&use=l&cat=p&typeid=i","cat":294526},{"id":7862,"n":"Petit pot de crème Délisse Café - 4x100g","p":1.8,"u":"4,50 €/KG","img":"https://fd8-photos.leclercdrive.fr/image.ashx?id=2550372&use=l&cat=p&typeid=i","cat":285041},{"id":7864,"n":"Yaourts sucrés Délisse Nature  - 4x125g","p":0.99,"u":"1,98 €/KG","img":"https://fd8-photos.leclercdrive.fr/image.ashx?id=2590415&use=l&cat=p&typeid=i","cat":284409},{"id":7866,"n":"Beurre Tendre Les Croisés Demi-sel - 80% MG - 250g","p":2.51,"u":"10,04 €/KG","img":"https://fd8-photos.leclercdrive.fr/image.ashx?id=2956221&use=l&cat=p&typeid=i","cat":284379},{"id":7869,"n":"Yaourts aromatisés Délisse Citron - 4x125g","p":1.45,"u":"2,90 €/KG","img":"https://fd8-photos.leclercdrive.fr/image.ashx?id=2134515&use=l&cat=p&typeid=i","cat":286006},{"id":7881,"n":"Camembert Les Croisés 8 portions - 22% mg - 8x30g","p":2.19,"u":"9,13 €/KG","img":"https://fd8-photos.leclercdrive.fr/image.ashx?id=2974798&use=l&cat=p&typeid=i","cat":314033},{"id":7882,"n":"Actifidus Délisse Coco Citron Vanille - 12x125g","p":3.5,"u":"2,33 €/KG","img":"https://fd8-photos.leclercdrive.fr/image.ashx?id=2441842&use=l&cat=p&typeid=i","cat":315000},{"id":7885,"n":"Chabichou du Poitou NRT Fromage de chèvre - 150g","p":3.45,"u":"23,00 €/KG","img":"https://fd8-photos.leclercdrive.fr/image.ashx?id=2449577&use=l&cat=p&typeid=i","cat":314031},{"id":7886,"n":"Diots fumés de Savoie NRT 4x90g","p":4.22,"u":"11,72 €/KG","img":"https://fd8-photos.leclercdrive.fr/image.ashx?id=2991467&use=l&cat=p&typeid=i","cat":316012},{"id":7887,"n":"Selles-sur-Cher NRT AOP  Fromage de chèvre - 150g","p":3.49,"u":"23,27 €/KG","img":"https://fd8-photos.leclercdrive.fr/image.ashx?id=2586031&use=l&cat=p&typeid=i","cat":314031},{"id":7965,"n":"Matière grasse Bridelight à tartiner 15% MG - 250g","p":2.22,"u":"8,88 €/KG","img":"https://fd8-photos.leclercdrive.fr/image.ashx?id=2643884&use=l&cat=p&typeid=i","cat":284379},{"id":7972,"n":"Beurre Moulé Paysan Breton Doux - 82%MG - 250g","p":3.72,"u":"14,88 €/KG","img":"https://fd8-photos.leclercdrive.fr/image.ashx?id=2946943&use=l&cat=p&typeid=i","cat":284379},{"id":7973,"n":"Faisselle Rians 6%mg - 4x100g","p":2.33,"u":"5,83 €/KG","img":"https://fd8-photos.leclercdrive.fr/image.ashx?id=2762088&use=l&cat=p&typeid=i","cat":284409},{"id":7993,"n":"Beurre d'escargot Rustica Ail et persil - 250g","p":3.49,"u":"13,96 €/KG","img":"https://fd8-photos.leclercdrive.fr/image.ashx?id=1915569&use=l&cat=p&typeid=i","cat":319775},{"id":7996,"n":"Poireaux Notre Jardin En rondelles 1kg","p":1.28,"u":"1,28 €/KG","img":"https://fd8-photos.leclercdrive.fr/image.ashx?id=2873126&use=l&cat=p&typeid=i","cat":319805},{"id":8000,"n":"Cordon Bleu Poulet Père Dodu  Bacon de Dinde x2 - 200g","p":2.45,"u":"12,25 €/KG","img":"https://fd8-photos.leclercdrive.fr/image.ashx?id=2956987&use=l&cat=p&typeid=i","cat":333683},{"id":8003,"n":"Fromage Enfant Kiri Goûter 5 portions barquettes - 175g","p":2.25,"u":"12,86 €/KG","img":"https://fd8-photos.leclercdrive.fr/image.ashx?id=2972883&use=l&cat=p&typeid=i","cat":314030},{"id":8008,"n":"Pizza Cuite sur pierre Turini Fruits de Mer - 400g","p":3.15,"u":"7,88 €/KG","img":"https://fd8-photos.leclercdrive.fr/image.ashx?id=2815202&use=l&cat=p&typeid=i","cat":284256},{"id":8011,"n":"Crème glacée Menthe Eskiss Copeaux de Chocolat - 494g","p":2.79,"u":"5,65 €/KG","img":"https://fd8-photos.leclercdrive.fr/image.ashx?id=2982583&use=l&cat=p&typeid=i","cat":284263},{"id":8012,"n":"Friandises pour chien Lydog Biscuits fourrés Viande - 500g","p":1.29,"u":"2,58 €/KG","img":"https://fd8-photos.leclercdrive.fr/image.ashx?id=2191114&use=l&cat=p&typeid=i","cat":294527},{"id":8017,"n":"Pâtes Penne Regate Turini 500g","p":0.6,"u":"1,20 €/KG","img":"https://fd8-photos.leclercdrive.fr/image.ashx?id=2980773&use=l&cat=p&typeid=i","cat":284427},{"id":8024,"n":"Barquette chiens Lydog 3 saveurs - 3x300g","p":3.78,"u":"4,20 €/KG","img":"https://fd8-photos.leclercdrive.fr/image.ashx?id=2050639&use=l&cat=p&typeid=i","cat":284673},{"id":8025,"n":"Barquette chiens Lydog 3 saveurs - 3x300g","p":3.79,"u":"4,21 €/KG","img":"https://fd8-photos.leclercdrive.fr/image.ashx?id=2050642&use=l&cat=p&typeid=i","cat":284673},{"id":8026,"n":"Soupe Velouté Régal Soupe Poireaux Pommes de terre 2x30cl","p":1.07,"u":"1,78 €/L","img":"https://fd8-photos.leclercdrive.fr/image.ashx?id=2607440&use=l&cat=p&typeid=i","cat":284462},{"id":8027,"n":"Soupe Velouté Régal Soupe 10 légumes - 2x30cl","p":1.19,"u":"1,98 €/L","img":"https://fd8-photos.leclercdrive.fr/image.ashx?id=2607443&use=l&cat=p&typeid=i","cat":284462},{"id":8029,"n":"Barquettes chats Tous mes amis Menus saveurs - 4x100g","p":2.29,"u":"5,73 €/KG","img":"https://fd8-photos.leclercdrive.fr/image.ashx?id=2042445&use=l&cat=p&typeid=i","cat":285286},{"id":8032,"n":"Nougat tendre de Montélimar NRT Barre 200g","p":3.99,"u":"19,95 €/KG","img":"https://fd8-photos.leclercdrive.fr/image.ashx?id=790530&use=l&cat=p&typeid=i","cat":304249},{"id":8033,"n":"Broyés du Poitou NRT Pur beurre - 280g","p":3.17,"u":"11,32 €/KG","img":"https://fd8-photos.leclercdrive.fr/image.ashx?id=2622284&use=l&cat=p&typeid=i","cat":284487},{"id":8120,"n":"Cassoulet Saucisse de Toulouse Côté Table - 840g","p":3.63,"u":"4,32 €/KG","img":"https://fd8-photos.leclercdrive.fr/image.ashx?id=2977129&use=l&cat=p&typeid=i","cat":284440},{"id":8121,"n":"Glace Cône Mini Smicy Vanille Chocolat x10 - 175g","p":2.49,"u":"14,23 €/KG","img":"https://fd8-photos.leclercdrive.fr/image.ashx?id=2698168&use=l&cat=p&typeid=i","cat":285250},{"id":8125,"n":"Spaghetti Frais Turini 350g","p":1.49,"u":"4,26 €/KG","img":"https://fd8-photos.leclercdrive.fr/image.ashx?id=2840470&use=l&cat=p&typeid=i","cat":333682},{"id":8129,"n":"Soupe Mouliné Régal Soupe 10 légumes variés - 2x30cl","p":1.45,"u":"2,42 €/L","img":"https://fd8-photos.leclercdrive.fr/image.ashx?id=2607476&use=l&cat=p&typeid=i","cat":284462},{"id":8136,"n":"Biscuits raisin GERBLE  - 4x5, 360g","p":1.65,"u":"4,58 €/KG","img":"https://fd8-photos.leclercdrive.fr/image.ashx?id=2578726&use=l&cat=p&typeid=i","cat":318651},{"id":8178,"n":"Infusion Tisea Douce soirée 25 sachets","p":0.99,"u":"28,29 €/KG","img":"https://fd8-photos.leclercdrive.fr/image.ashx?id=2553902&use=l&cat=p&typeid=i","cat":293234},{"id":8181,"n":"Mini Paniers Côté Table x20 - 280g","p":5.29,"u":"18,89 €/KG","img":"https://fd8-photos.leclercdrive.fr/image.ashx?id=2228280&use=l&cat=p&typeid=i","cat":319774},{"id":8182,"n":"Mini Feuilletés Côté Table Saucisse x20 - 350g","p":4.19,"u":"11,97 €/KG","img":"https://fd8-photos.leclercdrive.fr/image.ashx?id=2622016&use=l&cat=p&typeid=i","cat":319774},{"id":8191,"n":"Colin d'Alaska Pêche Océan À la Florentine - MSC - 400g","p":3.49,"u":"8,73 €/KG","img":"https://fd8-photos.leclercdrive.fr/image.ashx?id=2930108&use=l&cat=p&typeid=i","cat":319786},{"id":8194,"n":"Fagots de haricots verts Notre Jardin x6 - 270g","p":3.99,"u":"14,78 €/KG","img":"https://fd8-photos.leclercdrive.fr/image.ashx?id=1510099&use=l&cat=p&typeid=i","cat":319805},{"id":8217,"n":"Filet de Merlu Pêche Océan 4 à 5 pièces 450g","p":6.52,"u":"14,49 €/KG","img":"https://fd8-photos.leclercdrive.fr/image.ashx?id=2553905&use=l&cat=p&typeid=i","cat":319788},{"id":8324,"n":"Tomates séchées Florelli 270g","p":3.85,"u":"14,26 €/KG","img":"https://fd8-photos.leclercdrive.fr/image.ashx?id=2633094&use=l&cat=p&typeid=i","cat":289010},{"id":8335,"n":"Sauce pâtes artichaut Florelli Tomate mascarpone - 190g","p":1.83,"u":"9,63 €/KG","img":"https://fd8-photos.leclercdrive.fr/image.ashx?id=3011668&use=l&cat=p&typeid=i","cat":289010},{"id":8337,"n":"Tapenade d'Olives noires  Les Tartinables Florelli 190g","p":1.85,"u":"9,74 €/KG","img":"https://fd8-photos.leclercdrive.fr/image.ashx?id=2884690&use=l&cat=p&typeid=i","cat":289010},{"id":8375,"n":"Sauce Déshydratée KNORR Aux Trois Poivres - 32g","p":0.66,"u":"23,57 €/KG","img":"https://fd8-photos.leclercdrive.fr/image.ashx?id=2875933&use=l&cat=p&typeid=i","cat":288381},{"id":8382,"n":"Pâtes spaghetti plat Panzani 500g","p":1.16,"u":"2,32 €/KG","img":"https://fd8-photos.leclercdrive.fr/image.ashx?id=2876041&use=l&cat=p&typeid=i","cat":284427},{"id":8383,"n":"Pâtes Coquillettes Panzani 3 Minutes - 500G","p":1.32,"u":"2,64 €/KG","img":"https://fd8-photos.leclercdrive.fr/image.ashx?id=2867945&use=l&cat=p&typeid=i","cat":284427},{"id":8388,"n":"Pâtes Lustucru macaroni Aux oeufs - 250g","p":0.79,"u":"3,16 €/KG","img":"https://fd8-photos.leclercdrive.fr/image.ashx?id=2519471&use=l&cat=p&typeid=i","cat":284427},{"id":8392,"n":"Torti Weight Watchers St Jacques - 300g","p":4.55,"u":"15,17 €/KG","img":"https://fd8-photos.leclercdrive.fr/image.ashx?id=2610861&use=l&cat=p&typeid=i","cat":333665},{"id":8393,"n":"Escalope Milanaise Marie 300g","p":3.65,"u":"12,17 €/KG","img":"https://fd8-photos.leclercdrive.fr/image.ashx?id=2317408&use=l&cat=p&typeid=i","cat":333665},{"id":8396,"n":"Biscuits apéritif Lay's 3D's Goût Paprika - 85g","p":0.89,"u":"10,47 €/KG","img":"https://fd8-photos.leclercdrive.fr/image.ashx?id=2166311&use=l&cat=p&typeid=i","cat":284449},{"id":8397,"n":"Madeleine Bonne Maman Pur beurre tradition 300g","p":3.19,"u":"10,63 €/KG","img":"https://fd8-photos.leclercdrive.fr/image.ashx?id=2936137&use=l&cat=p&typeid=i","cat":284492},{"id":8408,"n":"Lingettes Express Diadermine  Démaquillantes 3en1 - x40","p":4.15,"u":"0,10 €/P","img":"https://fd8-photos.leclercdrive.fr/image.ashx?id=2500494&use=l&cat=p&typeid=i","cat":284603},{"id":8413,"n":"Biscuits Crackers Tokapi  Nature - 3x100g","p":1.38,"u":"4,60 €/KG","img":"https://fd8-photos.leclercdrive.fr/image.ashx?id=2660550&use=l&cat=p&typeid=i","cat":297000},{"id":8414,"n":"Chocolat au lait Equador Doux et fondant - 100g","p":1.65,"u":"16,50 €/KG","img":"https://fd8-photos.leclercdrive.fr/image.ashx?id=2758344&use=l&cat=p&typeid=i","cat":284497},{"id":8415,"n":"Pâtes coquillettes Turini Les 3 min - 500g","p":0.72,"u":"1,44 €/KG","img":"https://fd8-photos.leclercdrive.fr/image.ashx?id=2607461&use=l&cat=p&typeid=i","cat":284427},{"id":8416,"n":"Parmentier poisson Côté Table 300g","p":2.35,"u":"7,83 €/KG","img":"https://fd8-photos.leclercdrive.fr/image.ashx?id=2970729&use=l&cat=p&typeid=i","cat":333665},{"id":8419,"n":"Biscuits Crackers Tokapi Emmental - 100g","p":0.68,"u":"6,80 €/KG","img":"https://fd8-photos.leclercdrive.fr/image.ashx?id=2351226&use=l&cat=p&typeid=i","cat":297000},{"id":8420,"n":"Chocolat blanc Tablette D'Or Noix de coco - 200g","p":2.69,"u":"13,45 €/KG","img":"https://fd8-photos.leclercdrive.fr/image.ashx?id=2753472&use=l&cat=p&typeid=i","cat":284957},{"id":8424,"n":"Biscottes Heudebert  Fibres plus - 280g","p":2.29,"u":"8,18 €/KG","img":"https://fd8-photos.leclercdrive.fr/image.ashx?id=2679503&use=l&cat=p&typeid=i","cat":284479},{"id":8432,"n":"Biscuit Roudor St Michel 2x150g","p":2.48,"u":"8,27 €/KG","img":"https://fd8-photos.leclercdrive.fr/image.ashx?id=2935690&use=l&cat=p&typeid=i","cat":284487},{"id":8433,"n":"Pâtes Coquillettes Panzani Prêt en 3 min - 1kg","p":2.45,"u":"2,45 €/KG","img":"https://fd8-photos.leclercdrive.fr/image.ashx?id=2896093&use=l&cat=p&typeid=i","cat":284427},{"id":8447,"n":"Pommes Pink Lady Barquette x6","p":3.49,"u":"0,58 €/P","img":"https://fd8-photos.leclercdrive.fr/image.ashx?id=2121671&use=l&cat=p&typeid=i","cat":284356},{"id":8471,"n":"Lait en poudre Délisse Ecrémé - 750g","p":4.99,"u":"6,65 €/KG","img":"https://fd8-photos.leclercdrive.fr/image.ashx?id=2590698&use=l&cat=p&typeid=i","cat":299162},{"id":8474,"n":"Terrines Tous Mes Amis Les délices de la mer - 3x400g","p":3.69,"u":"3,08 €/KG","img":"https://fd8-photos.leclercdrive.fr/image.ashx?id=1671547&use=l&cat=p&typeid=i","cat":285601},{"id":8475,"n":"Serviette hygiénique Doulys Maxi confort - Normal - x18","p":0.99,"u":"0,06 €/P","img":"https://fd8-photos.leclercdrive.fr/image.ashx?id=2838909&use=l&cat=p&typeid=i","cat":284624},{"id":8494,"n":"Biscuits déli matin P'tit Déli Chocolat/pépites - 600g","p":3.18,"u":"5,30 €/KG","img":"https://fd8-photos.leclercdrive.fr/image.ashx?id=2999496&use=l&cat=p&typeid=i","cat":284491},{"id":8504,"n":"Biscottes bio Bio Village Complètes x36 - 300g","p":2.2,"u":"7,33 €/KG","img":"https://fd8-photos.leclercdrive.fr/image.ashx?id=2590460&use=l&cat=p&typeid=i","cat":284479},{"id":8511,"n":"Haricots verts éboutés  500g","p":3.39,"u":"6,78 €/KG","img":"https://fd8-photos.leclercdrive.fr/image.ashx?id=752804&use=l&cat=p&typeid=i","cat":284352},{"id":8515,"n":"Bâtonnets Dentastix Pedigree Moyen chien x28 - 720g","p":7.07,"u":"9,82 €/KG","img":"https://fd8-photos.leclercdrive.fr/image.ashx?id=2980094&use=l&cat=p&typeid=i","cat":294527},{"id":8528,"n":"Sel fin La Baleine Iodé et fluoré - 750g","p":0.86,"u":"1,15 €/KG","img":"https://fd8-photos.leclercdrive.fr/image.ashx?id=2790612&use=l&cat=p&typeid=i","cat":284457},{"id":8533,"n":"Flageolets verts Notre Jardin Extra Fins - 420g","p":1.72,"u":"4,10 €/KG","img":"https://fd8-photos.leclercdrive.fr/image.ashx?id=2371536&use=l&cat=p&typeid=i","cat":312606},{"id":8535,"n":"Olives noires Rustica Entières - 225g","p":0.99,"u":"4,40 €/KG","img":"https://fd8-photos.leclercdrive.fr/image.ashx?id=2499076&use=l&cat=p&typeid=i","cat":284458},{"id":8536,"n":"Savon mains en crème Manava Perles d'oranger - 300ml","p":1.25,"u":"4,17 €/L","img":"https://fd8-photos.leclercdrive.fr/image.ashx?id=2935480&use=l&cat=p&typeid=i","cat":284597},{"id":8538,"n":"100% Pur jus d'orange Jafaden  Avec pulpe - 1L","p":1.99,"u":"1,99 €/L","img":"https://fd8-photos.leclercdrive.fr/image.ashx?id=2796043&use=l&cat=p&typeid=i","cat":284521},{"id":8539,"n":"Nectar Jafaden Pêche - 1L","p":1.99,"u":"1,99 €/L","img":"https://fd8-photos.leclercdrive.fr/image.ashx?id=2919607&use=l&cat=p&typeid=i","cat":284915},{"id":8540,"n":"Nectar Jafaden Fraise - 1L","p":2.63,"u":"2,63 €/L","img":"https://fd8-photos.leclercdrive.fr/image.ashx?id=2895768&use=l&cat=p&typeid=i","cat":284915},{"id":8541,"n":"Nectar Jafaden Mangue - 1L","p":2.15,"u":"2,15 €/L","img":"https://fd8-photos.leclercdrive.fr/image.ashx?id=2955710&use=l&cat=p&typeid=i","cat":284916},{"id":8544,"n":"Spray Cheveux L'Oréal Paris Fixation Ultra Forte - 300ml","p":3.51,"u":"11,70 €/L","img":"https://fd8-photos.leclercdrive.fr/image.ashx?id=2445331&use=l&cat=p&typeid=i","cat":284609},{"id":8553,"n":"Sauce Barbecue AMORA 490g","p":1.86,"u":"3,80 €/KG","img":"https://fd8-photos.leclercdrive.fr/image.ashx?id=2877298&use=l&cat=p&typeid=i","cat":318431},{"id":8559,"n":"Biscuits Bjorg Fourrés Chocolat noir bio 225g","p":2.95,"u":"13,11 €/KG","img":"https://fd8-photos.leclercdrive.fr/image.ashx?id=2970912&use=l&cat=p&typeid=i","cat":284488},{"id":8564,"n":"Pâtes Barilla  Linguine - 500g","p":1.35,"u":"2,70 €/KG","img":"https://fd8-photos.leclercdrive.fr/image.ashx?id=3004444&use=l&cat=p&typeid=i","cat":284427},{"id":8572,"n":"Tablette chocolat Côte d'Or Chocolat au lait - 200g","p":3.06,"u":"15,30 €/KG","img":"https://fd8-photos.leclercdrive.fr/image.ashx?id=2944362&use=l&cat=p&typeid=i","cat":284497},{"id":8575,"n":"Tablette chocolat Milka Tendre au lait - 2x100g","p":5.8,"u":"29,00 €/KG","img":"https://fd8-photos.leclercdrive.fr/image.ashx?id=2382330&use=l&cat=p&typeid=i","cat":284497},{"id":8576,"n":"Pâtes Barilla Torsades - 500g","p":0.99,"u":"1,98 €/KG","img":"https://fd8-photos.leclercdrive.fr/image.ashx?id=2392224&use=l&cat=p&typeid=i","cat":284427},{"id":8605,"n":"Liqueur Cointreau 40%vol. - 70cl","p":19.75,"u":"28,21 €/L","img":"https://fd8-photos.leclercdrive.fr/image.ashx?id=2998904&use=l&cat=p&typeid=i","cat":286032},{"id":8634,"n":"Cognac Courcel 40%vol - 20cl","p":6.79,"u":"33,95 €/L","img":"https://fd8-photos.leclercdrive.fr/image.ashx?id=2484035&use=l&cat=p&typeid=i","cat":286032},{"id":8640,"n":"Croque Baby Fromage Cité Marine MSC - 200g","p":2.85,"u":"14,25 €/KG","img":"https://fd8-photos.leclercdrive.fr/image.ashx?id=2844145&use=l&cat=p&typeid=i","cat":284344},{"id":8642,"n":"Dentifrice Dentamyl Anti-tartre 75ml","p":0.74,"u":"9,87 €/L","img":"https://fd8-photos.leclercdrive.fr/image.ashx?id=2489098&use=l&cat=p&typeid=i","cat":284612},{"id":8643,"n":"Amandes en poudre Tablier Blanc 125g","p":1.6,"u":"12,80 €/KG","img":"https://fd8-photos.leclercdrive.fr/image.ashx?id=2460577&use=l&cat=p&typeid=i","cat":284504},{"id":8645,"n":"Pepites de chocolat Tablier Blanc - 100g","p":1.43,"u":"14,30 €/KG","img":"https://fd8-photos.leclercdrive.fr/image.ashx?id=2723138&use=l&cat=p&typeid=i","cat":284504},{"id":8646,"n":"Noix de Coco Râpée  Tablier Blanc - 125g","p":1.41,"u":"11,28 €/KG","img":"https://fd8-photos.leclercdrive.fr/image.ashx?id=2460583&use=l&cat=p&typeid=i","cat":284504},{"id":8647,"n":"Gélatine alimentaire Tablier 9 feuilles - 17g","p":1.07,"u":"62,94 €/KG","img":"https://fd8-photos.leclercdrive.fr/image.ashx?id=2487446&use=l&cat=p&typeid=i","cat":284504},{"id":8648,"n":"Amandes effilées Tablier Blanc 125g","p":1.9,"u":"15,20 €/KG","img":"https://fd8-photos.leclercdrive.fr/image.ashx?id=2460586&use=l&cat=p&typeid=i","cat":284504},{"id":8649,"n":"Raisins Secs Tablier Blanc 250g","p":1.98,"u":"7,92 €/KG","img":"https://fd8-photos.leclercdrive.fr/image.ashx?id=2460589&use=l&cat=p&typeid=i","cat":284504},{"id":8650,"n":"Arôme fleur d'Oranger Tablier Blanc - 200ml","p":1.24,"u":"6,20 €/L","img":"https://fd8-photos.leclercdrive.fr/image.ashx?id=2487449&use=l&cat=p&typeid=i","cat":284504},{"id":8651,"n":"Arôme naturel de vanille Tablier Blanc 20ml","p":1.15,"u":"57,50 €/L","img":"https://fd8-photos.leclercdrive.fr/image.ashx?id=2487452&use=l&cat=p&typeid=i","cat":284504},{"id":8672,"n":"Nappage Tablier Blanc Caramel - 210g","p":1.25,"u":"5,95 €/KG","img":"https://fd8-photos.leclercdrive.fr/image.ashx?id=2487455&use=l&cat=p&typeid=i","cat":284504},{"id":8673,"n":"Fromage Le Pavé Les Croisés Lait pasteurisé 22% MG - 220g","p":2.36,"u":"10,73 €/KG","img":"https://fd8-photos.leclercdrive.fr/image.ashx?id=2775887&use=l&cat=p&typeid=i","cat":314033},{"id":8675,"n":"Sucre Tablier Blanc 100 dosettes - 500g","p":2.31,"u":"4,62 €/KG","img":"https://fd8-photos.leclercdrive.fr/image.ashx?id=3010419&use=l&cat=p&typeid=i","cat":284502},{"id":8679,"n":"Truite fumée d'Aquitaine NRT x4 - 120g","p":5.26,"u":"43,83 €/KG","img":"https://fd8-photos.leclercdrive.fr/image.ashx?id=2663836&use=l&cat=p&typeid=i","cat":285188},{"id":8681,"n":"Quenelles au Brochet Nos Régions ont du Talent 4x80g","p":3.64,"u":"11,38 €/KG","img":"https://fd8-photos.leclercdrive.fr/image.ashx?id=2861905&use=l&cat=p&typeid=i","cat":333682},{"id":8682,"n":"Quenelles nature NRT - 4x80g","p":3.0,"u":"9,38 €/KG","img":"https://fd8-photos.leclercdrive.fr/image.ashx?id=2858051&use=l&cat=p&typeid=i","cat":333682},{"id":8683,"n":"Saucisson sec d'Ardèche IGP NRT - 280g","p":5.0,"u":"17,86 €/KG","img":"https://fd8-photos.leclercdrive.fr/image.ashx?id=2753502&use=l&cat=p&typeid=i","cat":316006},{"id":8684,"n":"Saucisse sèche d'Ardèche IGP Nos Régions ont du Talent 250g","p":5.19,"u":"20,76 €/KG","img":"https://fd8-photos.leclercdrive.fr/image.ashx?id=2753505&use=l&cat=p&typeid=i","cat":316006},{"id":8687,"n":"Fromage Emmental râpé NRT IGP Est-Central - 200g","p":3.49,"u":"17,45 €/KG","img":"https://fd8-photos.leclercdrive.fr/image.ashx?id=2771067&use=l&cat=p&typeid=i","cat":314035},{"id":8698,"n":"Assiette soir bébé bio Babybio Légumes riz - 12 mois - 230g","p":1.63,"u":"7,09 €/KG","img":"https://fd8-photos.leclercdrive.fr/image.ashx?id=2859356&use=l&cat=p&typeid=i","cat":312239},{"id":8734,"n":"AOC Champagne brut blanc  Premier cru Pol Carson - 75cl","p":22.99,"u":"30,65 €/L","img":"https://fd8-photos.leclercdrive.fr/image.ashx?id=2909858&use=l&cat=p&typeid=i","cat":284542},{"id":8746,"n":"Sauce Beurre blanc Gastromer 200g","p":1.47,"u":"7,35 €/KG","img":"https://fd8-photos.leclercdrive.fr/image.ashx?id=2504653&use=l&cat=p&typeid=i","cat":284382},{"id":8749,"n":"Flask Whisky Label 5 40%vol - 20cl","p":4.55,"u":"22,75 €/L","img":"https://fd8-photos.leclercdrive.fr/image.ashx?id=2519720&use=l&cat=p&typeid=i","cat":284547},{"id":8754,"n":"Sacs congélation Elembal Moyen Zip 20 Sacs","p":1.49,"u":"0,07 €/P","img":"https://fd8-photos.leclercdrive.fr/image.ashx?id=2751886&use=l&cat=p&typeid=i","cat":334134},{"id":8776,"n":"Kiwi  1p","p":0.59,"img":"https://fd8-photos.leclercdrive.fr/image.ashx?id=2077670&use=l&cat=p&typeid=i","cat":284356},{"id":8784,"n":"Plat bébé Blédina 8 mois  Riz carotte jambon - 2x200g","p":2.37,"u":"5,93 €/KG","img":"https://fd8-photos.leclercdrive.fr/image.ashx?id=2975065&use=l&cat=p&typeid=i","cat":312236},{"id":8795,"n":"Eau minérale Wattwiller 6x1.5L","p":3.96,"u":"0,44 €/L","img":"https://fd8-photos.leclercdrive.fr/image.ashx?id=2582846&use=l&cat=p&typeid=i","cat":284535},{"id":8796,"n":"Saucisse fine de Lyon NRT 120g","p":1.85,"u":"15,42 €/KG","img":"https://fd8-photos.leclercdrive.fr/image.ashx?id=2605014&use=l&cat=p&typeid=i","cat":316012},{"id":8804,"n":"Brownie P'tit Déli Chocolat pépites 285g","p":1.85,"u":"6,49 €/KG","img":"https://fd8-photos.leclercdrive.fr/image.ashx?id=2663365&use=l&cat=p&typeid=i","cat":294776},{"id":8809,"n":"Galettes Bretonnes P'tit Déli Pur beurre 2x125g","p":1.45,"u":"5,80 €/KG","img":"https://fd8-photos.leclercdrive.fr/image.ashx?id=2847961&use=l&cat=p&typeid=i","cat":284487},{"id":8825,"n":"Barres de céréales Coco Pops Kellogg's - 6x20g","p":1.81,"u":"15,08 €/KG","img":"https://fd8-photos.leclercdrive.fr/image.ashx?id=2677291&use=l&cat=p&typeid=i","cat":285869},{"id":8831,"n":"Nouille Alsacienne Lustucru 250g","p":0.79,"u":"3,16 €/KG","img":"https://fd8-photos.leclercdrive.fr/image.ashx?id=2503942&use=l&cat=p&typeid=i","cat":284427},{"id":8842,"n":"Couscous poulet bœuf Garbit - 980g","p":4.69,"u":"4,79 €/KG","img":"https://fd8-photos.leclercdrive.fr/image.ashx?id=2677930&use=l&cat=p&typeid=i","cat":325094},{"id":8846,"n":"Jardinière Notre Jardin  De 3 légumes - 420g","p":3.45,"u":"8,21 €/KG","img":"https://fd8-photos.leclercdrive.fr/image.ashx?id=2190005&use=l&cat=p&typeid=i","cat":312607},{"id":8854,"n":"Café soluble Plantation  Qualité décaféiné - 200g","p":6.55,"u":"32,75 €/KG","img":"https://fd8-photos.leclercdrive.fr/image.ashx?id=2834275&use=l&cat=p&typeid=i","cat":284843},{"id":8855,"n":"Sauce Champignons Turini 420g","p":1.15,"u":"2,74 €/KG","img":"https://fd8-photos.leclercdrive.fr/image.ashx?id=2494189&use=l&cat=p&typeid=i","cat":287599},{"id":8857,"n":"Café soluble Plantation Qualité filtre - x25 - 50g","p":2.09,"u":"41,80 €/KG","img":"https://fd8-photos.leclercdrive.fr/image.ashx?id=2834278&use=l&cat=p&typeid=i","cat":284843},{"id":8858,"n":"Café Soluble Plantation Décaféiné - x25 - 50g","p":2.28,"u":"45,60 €/KG","img":"https://fd8-photos.leclercdrive.fr/image.ashx?id=2834281&use=l&cat=p&typeid=i","cat":284843},{"id":8859,"n":"Café soluble Plantation Chicorée - 100g","p":2.35,"u":"23,50 €/KG","img":"https://fd8-photos.leclercdrive.fr/image.ashx?id=2856468&use=l&cat=p&typeid=i","cat":284843},{"id":8861,"n":"Café soluble Plantation Expresso - x25 - 45g","p":2.29,"u":"50,89 €/KG","img":"https://fd8-photos.leclercdrive.fr/image.ashx?id=2834287&use=l&cat=p&typeid=i","cat":284843},{"id":8864,"n":"Pain de Mie Epi d'or - Nature Longue Conservation - 280g","p":0.74,"u":"2,64 €/KG","img":"https://fd8-photos.leclercdrive.fr/image.ashx?id=1913643&use=l&cat=p&typeid=i","cat":284477},{"id":8865,"n":"Toasts Brioches Epi D'Or x13 - 125g","p":0.94,"u":"7,52 €/KG","img":"https://fd8-photos.leclercdrive.fr/image.ashx?id=2896018&use=l&cat=p&typeid=i","cat":284479},{"id":8869,"n":"Riz complet Comptoir du Grain 10min - 500g","p":1.49,"u":"2,98 €/KG","img":"https://fd8-photos.leclercdrive.fr/image.ashx?id=2909386&use=l&cat=p&typeid=i","cat":284428},{"id":8870,"n":"Dés fromage Herbes de Provence Poivrons Les Croisés - 300g","p":2.11,"u":"7,03 €/KG","img":"https://fd8-photos.leclercdrive.fr/image.ashx?id=776166&use=l&cat=p&typeid=i","cat":314027},{"id":8908,"n":"Crépes Fourrées P'tit Déli Céréales et chocolat x8 - 256g","p":1.81,"u":"7,07 €/KG","img":"https://fd8-photos.leclercdrive.fr/image.ashx?id=2656338&use=l&cat=p&typeid=i","cat":284494},{"id":8910,"n":"Jus 3 agrumes Jafaden Pur jus - 1L","p":2.42,"u":"2,42 €/L","img":"https://fd8-photos.leclercdrive.fr/image.ashx?id=2956047&use=l&cat=p&typeid=i","cat":284917},{"id":8912,"n":"Préparation fraises NRT Sud-Ouest - 315g","p":2.64,"u":"8,38 €/KG","img":"https://fd8-photos.leclercdrive.fr/image.ashx?id=2590472&use=l&cat=p&typeid=i","cat":284480},{"id":8932,"n":"Gin Gibson's 37.5%vol - 1L","p":17.85,"u":"17,85 €/L","img":"https://fd8-photos.leclercdrive.fr/image.ashx?id=2766244&use=l&cat=p&typeid=i","cat":284550},{"id":8951,"n":"Eau minérale Source Amanda Naturelle 6x1,5L","p":2.46,"u":"0,27 €/L","img":"https://fd8-photos.leclercdrive.fr/image.ashx?id=2727629&use=l&cat=p&typeid=i","cat":284535},{"id":8963,"n":"Fromage à tartiner Madame Loïk Fouetté Ech. Ciboulette - 150g","p":1.89,"u":"12,60 €/KG","img":"https://fd8-photos.leclercdrive.fr/image.ashx?id=2986356&use=l&cat=p&typeid=i","cat":314029},{"id":8966,"n":"Biscuits chien Pedigree Biscrok - 500g","p":1.65,"u":"3,30 €/KG","img":"https://fd8-photos.leclercdrive.fr/image.ashx?id=2983456&use=l&cat=p&typeid=i","cat":294527},{"id":8968,"n":"Chocolat poudre Banania 400g","p":2.79,"u":"6,98 €/KG","img":"https://fd8-photos.leclercdrive.fr/image.ashx?id=2225276&use=l&cat=p&typeid=i","cat":293235},{"id":8970,"n":"Riz long blanc de Camargue NRT 500g","p":1.59,"u":"3,18 €/KG","img":"https://fd8-photos.leclercdrive.fr/image.ashx?id=2663803&use=l&cat=p&typeid=i","cat":284428},{"id":8977,"n":"Cacahuètes  Benenuts Grillées à sec - 200g","p":1.65,"u":"8,25 €/KG","img":"https://fd8-photos.leclercdrive.fr/image.ashx?id=2389616&use=l&cat=p&typeid=i","cat":284448},{"id":8985,"n":"Soupe Poule au Pot Knorr Déshydratée - 1L","p":0.89,"u":"0,89 €/L","img":"https://fd8-photos.leclercdrive.fr/image.ashx?id=2826471&use=l&cat=p&typeid=i","cat":284463},{"id":8987,"n":"Pâté Hénaff 156g","p":2.46,"u":"15,77 €/KG","img":"https://fd8-photos.leclercdrive.fr/image.ashx?id=2298361&use=l&cat=p&typeid=i","cat":305149},{"id":9033,"n":"Fromage Entremont Dégustation 45%mg - 250g","p":2.89,"u":"11,56 €/KG","img":"https://fd8-photos.leclercdrive.fr/image.ashx?id=2983168&use=l&cat=p&typeid=i","cat":314034},{"id":9055,"n":"Fondue 3 fromages Président  450g","p":4.79,"u":"10,64 €/KG","img":"https://fd8-photos.leclercdrive.fr/image.ashx?id=2632990&use=l&cat=p&typeid=i","cat":314037},{"id":9080,"n":"Fromage à Tartiner St Môret  Nature 9 Portions - 180g","p":2.04,"u":"11,33 €/KG","img":"https://fd8-photos.leclercdrive.fr/image.ashx?id=2763319&use=l&cat=p&typeid=i","cat":314029},{"id":9091,"n":"Sandwich XXL Daunat Poulet rôti - 230g","p":2.65,"u":"11,52 €/KG","img":"https://fd8-photos.leclercdrive.fr/image.ashx?id=2894260&use=l&cat=p&typeid=i","cat":333658},{"id":9105,"n":"Pate Brisée Eco+ A dérouler - 230g","p":0.53,"u":"2,30 €/KG","img":"https://fd8-photos.leclercdrive.fr/image.ashx?id=2249411&use=l&cat=p&typeid=i","cat":333681},{"id":9110,"n":"Bûche de chèvre allégée Soignon Lait pasteurisé 29%mg - 180g","p":2.27,"u":"12,61 €/KG","img":"https://fd8-photos.leclercdrive.fr/image.ashx?id=2886987&use=l&cat=p&typeid=i","cat":314031},{"id":9123,"n":"Café soluble Plantation Café Au Lait Chicorée - 400g","p":3.59,"u":"8,98 €/KG","img":"https://fd8-photos.leclercdrive.fr/image.ashx?id=2834232&use=l&cat=p&typeid=i","cat":284843},{"id":9124,"n":"Croquettes chiens Lydog Senior - 3kg","p":5.09,"u":"1,70 €/KG","img":"https://fd8-photos.leclercdrive.fr/image.ashx?id=2047025&use=l&cat=p&typeid=i","cat":284672},{"id":9130,"n":"Mouchoirs blancs 2 plis Caresse Boîte mouchoirs en papier -x110","p":1.33,"u":"0,01 €/P","img":"https://fd8-photos.leclercdrive.fr/image.ashx?id=2390416&use=l&cat=p&typeid=i","cat":284638},{"id":9131,"n":"Gel douche et shampooing Carré Homme Tonifiante - 250ml","p":1.27,"u":"5,08 €/L","img":"https://fd8-photos.leclercdrive.fr/image.ashx?id=2927848&use=l&cat=p&typeid=i","cat":284619},{"id":9132,"n":"Soda Pulp'Orange Canette - 6x33cl","p":3.19,"u":"1,61 €/L","img":"https://fd8-photos.leclercdrive.fr/image.ashx?id=2922406&use=l&cat=p&typeid=i","cat":284532},{"id":9138,"n":"Café soluble Plantation Chicorée - 250g","p":2.98,"u":"11,92 €/KG","img":"https://fd8-photos.leclercdrive.fr/image.ashx?id=2556379&use=l&cat=p&typeid=i","cat":284843},{"id":9139,"n":"Bouchées chiens Lydog Boeuf - 1.5kg","p":2.79,"u":"1,86 €/KG","img":"https://fd8-photos.leclercdrive.fr/image.ashx?id=2895759&use=l&cat=p&typeid=i","cat":284672},{"id":9144,"n":"Vinaigre de Vin blanc Rustica Aromatisé à la noix - 50cl","p":1.64,"u":"3,28 €/L","img":"https://fd8-photos.leclercdrive.fr/image.ashx?id=1670491&use=l&cat=p&typeid=i","cat":298543},{"id":9155,"n":"Moussaka Boeuf Côté Table 300g","p":3.24,"u":"10,80 €/KG","img":"https://fd8-photos.leclercdrive.fr/image.ashx?id=2607906&use=l&cat=p&typeid=i","cat":333665},{"id":9161,"n":"Tarte aux poireaux Côté Table 2x130g","p":2.54,"u":"9,77 €/KG","img":"https://fd8-photos.leclercdrive.fr/image.ashx?id=2354707&use=l&cat=p&typeid=i","cat":333680},{"id":9162,"n":"Croquettes chat Plénima Premium Chatons - 450g","p":2.24,"u":"4,98 €/KG","img":"https://fd8-photos.leclercdrive.fr/image.ashx?id=1943364&use=l&cat=p&typeid=i","cat":284680},{"id":9163,"n":"Croquettes chat Plénima Premium Saumon riz - Chat adulte - 450g","p":2.15,"u":"4,78 €/KG","img":"https://fd8-photos.leclercdrive.fr/image.ashx?id=1943367&use=l&cat=p&typeid=i","cat":284680},{"id":9164,"n":"Crevettes natures Pêche Océan 125g","p":3.99,"u":"31,92 €/KG","img":"https://fd8-photos.leclercdrive.fr/image.ashx?id=3015242&use=l&cat=p&typeid=i","cat":284343},{"id":9167,"n":"Fromage Edam Mimolette Les Croisés dés 150g","p":1.85,"u":"12,33 €/KG","img":"https://fd8-photos.leclercdrive.fr/image.ashx?id=2365472&use=l&cat=p&typeid=i","cat":314027},{"id":9170,"n":"Spaetzles d'Alsace NRT 250g","p":1.39,"u":"5,56 €/KG","img":"https://fd8-photos.leclercdrive.fr/image.ashx?id=2839962&use=l&cat=p&typeid=i","cat":284427},{"id":9171,"n":"Sablés aux Pommes NRT - 150g","p":1.99,"u":"13,27 €/KG","img":"https://fd8-photos.leclercdrive.fr/image.ashx?id=2856615&use=l&cat=p&typeid=i","cat":284487},{"id":9172,"n":"Cassoulet de Castelnaudary Nos Régions ont du Talent 1680g","p":9.96,"u":"5,93 €/KG","img":"https://fd8-photos.leclercdrive.fr/image.ashx?id=2791401&use=l&cat=p&typeid=i","cat":284440},{"id":9173,"n":"Ravioles Label Rouge NRT Dauphiné - 240g","p":2.99,"u":"12,46 €/KG","img":"https://fd8-photos.leclercdrive.fr/image.ashx?id=2441537&use=l&cat=p&typeid=i","cat":333682},{"id":9181,"n":"Chinois La Fournée Dorée Crème pâtissière - 600g","p":2.99,"u":"4,98 €/KG","img":"https://fd8-photos.leclercdrive.fr/image.ashx?id=2342090&use=l&cat=p&typeid=i","cat":293600},{"id":9183,"n":"Boules soufflées Tokapi Tomate - 42g","p":0.57,"u":"13,57 €/KG","img":"https://fd8-photos.leclercdrive.fr/image.ashx?id=2898832&use=l&cat=p&typeid=i","cat":284449},{"id":9223,"n":"Pâtes Capellini Turini 500g","p":0.85,"u":"1,70 €/KG","img":"https://fd8-photos.leclercdrive.fr/image.ashx?id=2607482&use=l&cat=p&typeid=i","cat":284427},{"id":9246,"n":"Avocat Bio Bio Village En barquette x2","p":3.59,"u":"1,80 €/P","img":"https://fd8-photos.leclercdrive.fr/image.ashx?id=2551984&use=l&cat=p&typeid=i","cat":284352},{"id":9265,"n":"Pêche poire ananas  Douceur du verger - 4x70g","p":2.59,"u":"9,25 €/KG","img":"https://fd8-photos.leclercdrive.fr/image.ashx?id=2349100&use=l&cat=p&typeid=i","cat":284507},{"id":9266,"n":"Ananas papaye mangue DDV Sirop léger - 4x70g","p":2.75,"u":"9,82 €/KG","img":"https://fd8-photos.leclercdrive.fr/image.ashx?id=2100775&use=l&cat=p&typeid=i","cat":284507},{"id":9276,"n":"Biscuits Sprits P'tit Déli Chocolat au lait - 150g","p":1.09,"u":"7,27 €/KG","img":"https://fd8-photos.leclercdrive.fr/image.ashx?id=2081053&use=l&cat=p&typeid=i","cat":284488},{"id":9322,"n":"Tartelette Choco Caramel St Michel Bonne Maman 135g","p":1.59,"u":"11,78 €/KG","img":"https://fd8-photos.leclercdrive.fr/image.ashx?id=2949931&use=l&cat=p&typeid=i","cat":284488},{"id":9435,"n":"AOP Champagne Mercier  Brut - 75cl","p":24.9,"u":"33,20 €/L","img":"https://fd8-photos.leclercdrive.fr/image.ashx?id=1867174&use=l&cat=p&typeid=i","cat":284542},{"id":9574,"n":"Feutres de coloriage Bic Kids x24","p":5.99,"img":"https://fd8-photos.leclercdrive.fr/image.ashx?id=2623196&use=l&cat=p&typeid=i","cat":284696},{"id":9593,"n":"AOP Côtes du Rhône vin rouge Combes Saint Sauveur 75cl","p":4.15,"u":"5,53 €/L","img":"https://fd8-photos.leclercdrive.fr/image.ashx?id=2755414&use=l&cat=p&typeid=i","cat":289556},{"id":9597,"n":"AOP Côtes de Provence rosé Jean Valestrel - 75cl","p":8.05,"u":"10,73 €/L","img":"https://fd8-photos.leclercdrive.fr/image.ashx?id=2236698&use=l&cat=p&typeid=i","cat":289558},{"id":9632,"n":"IGP Pays d'Oc rouge Les Ormes De Cambras 12.5% vol - 75cl","p":2.37,"u":"3,16 €/L","img":"https://fd8-photos.leclercdrive.fr/image.ashx?id=2445121&use=l&cat=p&typeid=i","cat":289556},{"id":9634,"n":"Scotch Whisky Baird's 40%vol - 1L","p":15.49,"u":"15,49 €/L","img":"https://fd8-photos.leclercdrive.fr/image.ashx?id=2907168&use=l&cat=p&typeid=i","cat":284547},{"id":9635,"n":"Rhum blanc Charrette 49%vol - 1L","p":16.9,"u":"16,90 €/L","img":"https://fd8-photos.leclercdrive.fr/image.ashx?id=1946417&use=l&cat=p&typeid=i","cat":284550},{"id":9638,"n":"AOC Rhum agricole blanc Dillon Martinique 55%vol - 1L","p":20.39,"u":"20,39 €/L","img":"https://fd8-photos.leclercdrive.fr/image.ashx?id=2650946&use=l&cat=p&typeid=i","cat":284550},{"id":9641,"n":"Whisky Ballantine's Finest Blended Scotch 40% vol - 1L","p":20.95,"pp":19.45,"u":"19,45 €/L","img":"https://fd8-photos.leclercdrive.fr/image.ashx?id=2816964&use=l&cat=p&typeid=i","cat":284547},{"id":9689,"n":"Muffin complet Epi d'Or x4 - 250g","p":1.7,"u":"6,80 €/KG","img":"https://fd8-photos.leclercdrive.fr/image.ashx?id=2939058&use=l&cat=p&typeid=i","cat":284985},{"id":9690,"n":"Carré à Langer Mots d'Enfants Jetables x10","p":4.1,"u":"0,41 €/P","img":"https://fd8-photos.leclercdrive.fr/image.ashx?id=3014191&use=l&cat=p&typeid=i","cat":284737},{"id":9700,"n":"Serviette incontinence Chorys Extra plus - x16","p":4.99,"u":"0,31 €/P","img":"https://fd8-photos.leclercdrive.fr/image.ashx?id=2691171&use=l&cat=p&typeid=i","cat":284628},{"id":9709,"n":"Mini brownies P'tit Déli Chocolat pépites x8 - 240g","p":1.49,"u":"6,21 €/KG","img":"https://fd8-photos.leclercdrive.fr/image.ashx?id=2888938&use=l&cat=p&typeid=i","cat":294776},{"id":9894,"n":"Moutarde de Bourgogne IGP NRT 200g","p":1.5,"u":"7,50 €/KG","img":"https://fd8-photos.leclercdrive.fr/image.ashx?id=2644918&use=l&cat=p&typeid=i","cat":288850},{"id":9898,"n":"Culotte absorbante Chorys Taille L - x10","p":6.99,"u":"0,70 €/P","img":"https://fd8-photos.leclercdrive.fr/image.ashx?id=2623004&use=l&cat=p&typeid=i","cat":284628},{"id":9899,"n":"Culotte absorbante Chorys Taille M - Plus - x12","p":7.99,"u":"0,67 €/P","img":"https://fd8-photos.leclercdrive.fr/image.ashx?id=2623001&use=l&cat=p&typeid=i","cat":284628},{"id":9915,"n":"Oignons émincés Notre Jardin 1kg","p":1.75,"u":"1,75 €/KG","img":"https://fd8-photos.leclercdrive.fr/image.ashx?id=2873120&use=l&cat=p&typeid=i","cat":319805},{"id":9916,"n":"Epinards Notre Jardin Feuilles à cuire - 600g","p":1.35,"u":"2,25 €/KG","img":"https://fd8-photos.leclercdrive.fr/image.ashx?id=2916677&use=l&cat=p&typeid=i","cat":319805},{"id":9917,"n":"Whisky J&B Rare 40%vol - 1L","p":21.89,"u":"21,89 €/L","img":"https://fd8-photos.leclercdrive.fr/image.ashx?id=2497638&use=l&cat=p&typeid=i","cat":284547},{"id":9920,"n":"Riz rond blanc de Camargue NRT 500g","p":1.79,"u":"3,58 €/KG","img":"https://fd8-photos.leclercdrive.fr/image.ashx?id=2663839&use=l&cat=p&typeid=i","cat":284428},{"id":9933,"n":"Mouchoirs blancs 4 plis Caresse Mouchoirs papier - 24 étuis","p":2.51,"u":"0,10 €/P","img":"https://fd8-photos.leclercdrive.fr/image.ashx?id=2870017&use=l&cat=p&typeid=i","cat":284638},{"id":10069,"n":"Gâteaux moelleux Pépito  Pépites de chocolat - 150g","p":1.23,"u":"8,20 €/KG","img":"https://fd8-photos.leclercdrive.fr/image.ashx?id=2374396&use=l&cat=p&typeid=i","cat":284495},{"id":10072,"n":"Navettes NRT Fleur d'oranger - 400g","p":2.89,"u":"7,23 €/KG","img":"https://fd8-photos.leclercdrive.fr/image.ashx?id=2909410&use=l&cat=p&typeid=i","cat":284487},{"id":10074,"n":"Tablette de chocolat Equador Noir et menthe 100g","p":1.19,"u":"11,90 €/KG","img":"https://fd8-photos.leclercdrive.fr/image.ashx?id=2834296&use=l&cat=p&typeid=i","cat":284956},{"id":10076,"n":"Tablette chocolat Equador Noir framboise 100g","p":1.82,"u":"18,20 €/KG","img":"https://fd8-photos.leclercdrive.fr/image.ashx?id=2834290&use=l&cat=p&typeid=i","cat":284956},{"id":10091,"n":"Filets maquereaux Pêche Océan Tomate basilic - 169g","p":1.46,"u":"8,64 €/KG","img":"https://fd8-photos.leclercdrive.fr/image.ashx?id=2394657&use=l&cat=p&typeid=i","cat":303868},{"id":10092,"n":"Palets de légumes Notre Jardin Courgettes Carottes - x8 300g","p":1.74,"u":"5,80 €/KG","img":"https://fd8-photos.leclercdrive.fr/image.ashx?id=2878711&use=l&cat=p&typeid=i","cat":319802},{"id":10108,"n":"Croquants aux amandes NRT 300g","p":2.74,"u":"9,13 €/KG","img":"https://fd8-photos.leclercdrive.fr/image.ashx?id=2909413&use=l&cat=p&typeid=i","cat":284487},{"id":10114,"n":"Essuie-tout Uni Vert Compact Ecologique - x2","p":2.7,"u":"1,35 €/P","img":"https://fd8-photos.leclercdrive.fr/image.ashx?id=2571929&use=l&cat=p&typeid=i","cat":284635},{"id":10122,"n":"Mini gratins Côté Table Aux 3 légumes - x4 480g","p":3.12,"u":"6,50 €/KG","img":"https://fd8-photos.leclercdrive.fr/image.ashx?id=2074419&use=l&cat=p&typeid=i","cat":319802},{"id":10124,"n":"Bâtonnets poulet Pic'Express x18 400g","p":5.13,"u":"12,83 €/KG","img":"https://fd8-photos.leclercdrive.fr/image.ashx?id=2054954&use=l&cat=p&typeid=i","cat":319780},{"id":10126,"n":"Pomme de terre Patato Rigolo Pom'Lisse 750g","p":1.94,"u":"2,59 €/KG","img":"https://fd8-photos.leclercdrive.fr/image.ashx?id=2699672&use=l&cat=p&typeid=i","cat":319792},{"id":10163,"n":"Palets légumes Notre Jardin Choux-fleurs Brocolis - x8 300g","p":2.2,"u":"7,33 €/KG","img":"https://fd8-photos.leclercdrive.fr/image.ashx?id=2878714&use=l&cat=p&typeid=i","cat":319802},{"id":10192,"n":"Olives Vertes Tramier  Dénoyautées 160g","p":1.95,"u":"12,19 €/KG","img":"https://fd8-photos.leclercdrive.fr/image.ashx?id=2363829&use=l&cat=p&typeid=i","cat":284458},{"id":10211,"n":"Pâtes Nouilles Turini 1kg","p":1.35,"u":"1,35 €/KG","img":"https://fd8-photos.leclercdrive.fr/image.ashx?id=2980444&use=l&cat=p&typeid=i","cat":284427},{"id":10212,"n":"Rubans anti-mouches Insectivor x4","p":0.85,"u":"0,21 €/P","img":"https://fd8-photos.leclercdrive.fr/image.ashx?id=2555077&use=l&cat=p&typeid=i","cat":298368},{"id":10215,"n":"Sauce Basquaise Rustica Aux 2 poivrons - 400g","p":1.29,"u":"3,23 €/KG","img":"https://fd8-photos.leclercdrive.fr/image.ashx?id=2887398&use=l&cat=p&typeid=i","cat":287599},{"id":10216,"n":"Sauce Aigre Douce Rustica Légumes croquants - 400g","p":1.28,"u":"3,20 €/KG","img":"https://fd8-photos.leclercdrive.fr/image.ashx?id=2887401&use=l&cat=p&typeid=i","cat":287599},{"id":10217,"n":"Sauce Curry Rustica Légumes et lait de coco - 400g","p":1.31,"u":"3,28 €/KG","img":"https://fd8-photos.leclercdrive.fr/image.ashx?id=2887404&use=l&cat=p&typeid=i","cat":287599},{"id":10220,"n":"Tampons Doulys Compact Normal - x20","p":2.24,"u":"0,11 €/P","img":"https://fd8-photos.leclercdrive.fr/image.ashx?id=2965464&use=l&cat=p&typeid=i","cat":284626},{"id":10223,"n":"Framboises entières  Douceur du Verger 1kg","p":9.61,"u":"9,61 €/KG","img":"https://fd8-photos.leclercdrive.fr/image.ashx?id=2620881&use=l&cat=p&typeid=i","cat":284268},{"id":10227,"n":"Mini gratins Côté Table Dauphinois - x4 480g","p":2.99,"u":"6,23 €/KG","img":"https://fd8-photos.leclercdrive.fr/image.ashx?id=2627640&use=l&cat=p&typeid=i","cat":319802},{"id":10231,"n":"Confiture Douceur du verger Framboises - Allégée - 340g","p":1.24,"u":"3,65 €/KG","img":"https://fd8-photos.leclercdrive.fr/image.ashx?id=2965473&use=l&cat=p&typeid=i","cat":284480},{"id":10232,"n":"Confiture Douceur du Verger Allégée Pêche 340g","p":1.32,"u":"3,88 €/KG","img":"https://fd8-photos.leclercdrive.fr/image.ashx?id=2965476&use=l&cat=p&typeid=i","cat":284480},{"id":10244,"n":"Thon entier Pêche Océan Naturel - 280g","p":3.72,"u":"13,29 €/KG","img":"https://fd8-photos.leclercdrive.fr/image.ashx?id=2941414&use=l&cat=p&typeid=i","cat":303867},{"id":10324,"n":"Pommes de terre Bio Bio Village Vapeur et sautées  - 1.5kg","p":2.99,"u":"1,99 €/KG","img":"https://fd8-photos.leclercdrive.fr/image.ashx?id=2960535&use=l&cat=p&typeid=i","cat":284352},{"id":10344,"n":"Petit Beurre Pocket P'ti Déli 3x12 sachets 300g","p":1.68,"u":"5,60 €/KG","img":"https://fd8-photos.leclercdrive.fr/image.ashx?id=1965518&use=l&cat=p&typeid=i","cat":284487},{"id":10346,"n":"Vinaigrette allégée Rustica Balsamique huile d'olive - 50cl","p":2.49,"u":"4,98 €/L","img":"https://fd8-photos.leclercdrive.fr/image.ashx?id=1972913&use=l&cat=p&typeid=i","cat":284456},{"id":10348,"n":"Huile de noix Rustica 50cl","p":4.68,"u":"9,36 €/L","img":"https://fd8-photos.leclercdrive.fr/image.ashx?id=2523703&use=l&cat=p&typeid=i","cat":284453},{"id":10351,"n":"Sacs à couche Mots d'Enfant Parfumés - x50","p":1.6,"u":"0,03 €/P","img":"https://fd8-photos.leclercdrive.fr/image.ashx?id=1886564&use=l&cat=p&typeid=i","cat":284737},{"id":10363,"n":"Equerre Esquisse 60 degrés - 20cm","p":0.85,"img":"https://fd8-photos.leclercdrive.fr/image.ashx?id=2943160&use=l&cat=p&typeid=i","cat":334133},{"id":10382,"n":"Choucroute Royale Côté Table 400g","p":1.99,"u":"4,98 €/KG","img":"https://fd8-photos.leclercdrive.fr/image.ashx?id=2977147&use=l&cat=p&typeid=i","cat":284441},{"id":10398,"n":"Biscuit apéritif ancel Bretzels Maxi - 200g","p":0.89,"u":"4,45 €/KG","img":"https://fd8-photos.leclercdrive.fr/image.ashx?id=2991813&use=l&cat=p&typeid=i","cat":297000},{"id":10406,"n":"Vinaigre d'alcool doux Melfor Miel et infusion plantes - 1L","p":1.46,"u":"1,46 €/L","img":"https://fd8-photos.leclercdrive.fr/image.ashx?id=2289909&use=l&cat=p&typeid=i","cat":298543},{"id":10408,"n":"Boisson végétale Riz nature Bjorg Bio - 1L","p":1.9,"u":"1,90 €/L","img":"https://fd8-photos.leclercdrive.fr/image.ashx?id=2970915&use=l&cat=p&typeid=i","cat":316067},{"id":10417,"n":"AOP Fitou rouge Réserve Saint Esteve - 75cl","p":3.99,"pp":2.79,"u":"3,72 €/L","img":"https://fd8-photos.leclercdrive.fr/image.ashx?id=2407295&use=l&cat=p&typeid=i","cat":289556},{"id":10465,"n":"Adoucissant Hyperdou Pure caresse - 3x250ml","p":1.19,"u":"1,59 €/L","img":"https://fd8-photos.leclercdrive.fr/image.ashx?id=2809078&use=l&cat=p&typeid=i","cat":284650},{"id":10591,"n":"Spray vitrocéramique Clair 500ml","p":3.42,"u":"6,84 €/L","img":"https://fd8-photos.leclercdrive.fr/image.ashx?id=2860073&use=l&cat=p&typeid=i","cat":325363},{"id":10629,"n":"Saucisse Isla Délice Halal - Goût boeuf - 500g","p":2.29,"u":"4,58 €/KG","img":"https://fd8-photos.leclercdrive.fr/image.ashx?id=1747082&use=l&cat=p&typeid=i","cat":316013},{"id":10630,"n":"Saucisse Isla Délice Halal -  Goût veau - 500g","p":2.49,"u":"4,98 €/KG","img":"https://fd8-photos.leclercdrive.fr/image.ashx?id=2349230&use=l&cat=p&typeid=i","cat":316013},{"id":10637,"n":"Crème entière Délisse Fluide - 30% MG - 2x25cl","p":2.72,"u":"5,44 €/L","img":"https://fd8-photos.leclercdrive.fr/image.ashx?id=3002560&use=l&cat=p&typeid=i","cat":284381},{"id":10638,"n":"Crème légère fluide UHT Délisse 12%mg - 2x25cl","p":2.36,"u":"4,72 €/L","img":"https://fd8-photos.leclercdrive.fr/image.ashx?id=3002563&use=l&cat=p&typeid=i","cat":284381},{"id":10655,"n":"IGP Pays d'Oc rouge Cabernet Sauvignon 12.5% vol - 75cl","p":3.29,"u":"4,39 €/L","img":"https://fd8-photos.leclercdrive.fr/image.ashx?id=2189904&use=l&cat=p&typeid=i","cat":289556},{"id":10697,"n":"Sardines huile olive Connétable Sans arrêtes 115g","p":3.35,"u":"29,13 €/KG","img":"https://fd8-photos.leclercdrive.fr/image.ashx?id=2139046&use=l&cat=p&typeid=i","cat":305146},{"id":10703,"n":"Thon blanc entier Connétable Huile d'olive - 160g","p":2.67,"u":"16,69 €/KG","img":"https://fd8-photos.leclercdrive.fr/image.ashx?id=2910127&use=l&cat=p&typeid=i","cat":303867},{"id":10720,"n":"Vin mousseux Charles Volner Demi-sec - 11%vol. - 75cl","p":4.05,"u":"5,40 €/L","img":"https://fd8-photos.leclercdrive.fr/image.ashx?id=1592055&use=l&cat=p&typeid=i","cat":284544},{"id":10766,"n":"Pain d'épices P'tit Déli 350g","p":1.81,"u":"5,17 €/KG","img":"https://fd8-photos.leclercdrive.fr/image.ashx?id=1938852&use=l&cat=p&typeid=i","cat":284493},{"id":10767,"n":"Riz cantonais Comptoir du Grain Express 2 min - 250g","p":1.19,"u":"4,76 €/KG","img":"https://fd8-photos.leclercdrive.fr/image.ashx?id=2441198&use=l&cat=p&typeid=i","cat":287600},{"id":10781,"n":"Chair de tomate Notre Jardin Nature - 400g","p":1.99,"u":"4,98 €/KG","img":"https://fd8-photos.leclercdrive.fr/image.ashx?id=2590436&use=l&cat=p&typeid=i","cat":312608},{"id":10785,"n":"Mogette cuisinée NRT De Vendée - 820g","p":3.15,"u":"3,84 €/KG","img":"https://fd8-photos.leclercdrive.fr/image.ashx?id=2771384&use=l&cat=p&typeid=i","cat":312606},{"id":10787,"n":"Huile de colza Bio Village Bio - 75cl","p":3.79,"u":"5,05 €/L","img":"https://fd8-photos.leclercdrive.fr/image.ashx?id=2989715&use=l&cat=p&typeid=i","cat":284453},{"id":10788,"n":"Moutarde de Dijon Bio Village Bio - 200g","p":1.54,"u":"7,70 €/KG","img":"https://fd8-photos.leclercdrive.fr/image.ashx?id=2607954&use=l&cat=p&typeid=i","cat":288850},{"id":10795,"n":"Moutarde de Dijon NRT À l'ancienne - 200g","p":1.39,"u":"6,95 €/KG","img":"https://fd8-photos.leclercdrive.fr/image.ashx?id=2644921&use=l&cat=p&typeid=i","cat":288850},{"id":10796,"n":"Terrine Côté Table Sanglier cognac - 180g","p":2.99,"u":"16,61 €/KG","img":"https://fd8-photos.leclercdrive.fr/image.ashx?id=2519423&use=l&cat=p&typeid=i","cat":305149},{"id":10927,"n":"Noix de cajou grilées Eco+ Salées - 125g","p":1.34,"u":"10,72 €/KG","img":"https://fd8-photos.leclercdrive.fr/image.ashx?id=2839815&use=l&cat=p&typeid=i","cat":284448},{"id":10930,"n":"Chocolat pâtissier Eco+ Spécial dessert 200g","p":1.59,"u":"7,95 €/KG","img":"https://fd8-photos.leclercdrive.fr/image.ashx?id=2793140&use=l&cat=p&typeid=i","cat":285562},{"id":10932,"n":"Sauce tomate cuisinée Eco+ 420g","p":0.8,"u":"1,90 €/KG","img":"https://fd8-photos.leclercdrive.fr/image.ashx?id=2739715&use=l&cat=p&typeid=i","cat":288384},{"id":10933,"n":"Huile olive Eco+ Extra vierge - 1L","p":6.71,"u":"6,71 €/L","img":"https://fd8-photos.leclercdrive.fr/image.ashx?id=3002500&use=l&cat=p&typeid=i","cat":284453},{"id":10945,"n":"Boules de graisse Eco+ x6 - 540g","p":0.75,"u":"1,39 €/KG","img":"https://fd8-photos.leclercdrive.fr/image.ashx?id=2220275&use=l&cat=p&typeid=i","cat":284678},{"id":10967,"n":"Jus d'orange Andros Oranges pressées - 1L","p":3.32,"u":"3,32 €/L","img":"https://fd8-photos.leclercdrive.fr/image.ashx?id=2882632&use=l&cat=p&typeid=i","cat":285435},{"id":10968,"n":"Jus d'ananas Andros Ananas pressés - 1L","p":3.29,"u":"3,29 €/L","img":"https://fd8-photos.leclercdrive.fr/image.ashx?id=2292203&use=l&cat=p&typeid=i","cat":285435},{"id":10970,"n":"Jus de clémentines Andros  Clémentines Pressées - 1L","p":3.94,"u":"3,94 €/L","img":"https://fd8-photos.leclercdrive.fr/image.ashx?id=2882647&use=l&cat=p&typeid=i","cat":285435},{"id":10971,"n":"Jus de pommes pressées Andros 1L","p":2.49,"u":"2,49 €/L","img":"https://fd8-photos.leclercdrive.fr/image.ashx?id=2882644&use=l&cat=p&typeid=i","cat":285435},{"id":10979,"n":"Haricots Verts Bonduelle Extra-fins 1kg","p":2.85,"u":"2,85 €/KG","img":"https://fd8-photos.leclercdrive.fr/image.ashx?id=2876152&use=l&cat=p&typeid=i","cat":319805},{"id":10994,"n":"Gâteaux P'tit Déli Pépites de chocolat 10x30g","p":1.89,"u":"6,30 €/KG","img":"https://fd8-photos.leclercdrive.fr/image.ashx?id=1947354&use=l&cat=p&typeid=i","cat":284495},{"id":11002,"n":"AOC Champagne brut blanc  Grande cuvée Pol Carson - 75cl","p":22.49,"u":"29,99 €/L","img":"https://fd8-photos.leclercdrive.fr/image.ashx?id=2995887&use=l&cat=p&typeid=i","cat":284542},{"id":11003,"n":"Compote Douceur du Verger Coupelle pomme poire - 4x100g","p":1.34,"u":"3,35 €/KG","img":"https://fd8-photos.leclercdrive.fr/image.ashx?id=2663488&use=l&cat=p&typeid=i","cat":284508},{"id":11007,"n":"Barquettes chats Tous mes amis Les Menus 4 variétés - 8x100g","p":4.49,"u":"5,61 €/KG","img":"https://fd8-photos.leclercdrive.fr/image.ashx?id=2050645&use=l&cat=p&typeid=i","cat":285286},{"id":11033,"n":"Compote Douceur du Verger Gourdes pomme - 4x90g","p":0.99,"u":"2,75 €/KG","img":"https://fd8-photos.leclercdrive.fr/image.ashx?id=2837042&use=l&cat=p&typeid=i","cat":284508},{"id":11034,"n":"Terrine de campagne Côté Table Porc confit - 2x180g","p":2.79,"u":"7,75 €/KG","img":"https://fd8-photos.leclercdrive.fr/image.ashx?id=2519426&use=l&cat=p&typeid=i","cat":305149},{"id":11037,"n":"Sauce tomate Italienne Zapetti - 3x190g","p":3.5,"u":"6,14 €/KG","img":"https://fd8-photos.leclercdrive.fr/image.ashx?id=2579975&use=l&cat=p&typeid=i","cat":288384},{"id":11042,"n":"Crêpes Côté Table Fromage fondu x20 1kg","p":3.29,"u":"3,29 €/KG","img":"https://fd8-photos.leclercdrive.fr/image.ashx?id=2756849&use=l&cat=p&typeid=i","cat":319776},{"id":11046,"n":"Duo de riz Camargue Bio village Bio  - 500g","p":3.9,"u":"7,80 €/KG","img":"https://fd8-photos.leclercdrive.fr/image.ashx?id=2477008&use=l&cat=p&typeid=i","cat":284428},{"id":11070,"n":"Soupe instantanée Royco  Oignons & Croûtons - 4x200ml","p":1.37,"u":"17,13 €/KG","img":"https://fd8-photos.leclercdrive.fr/image.ashx?id=2650985&use=l&cat=p&typeid=i","cat":293527},{"id":11079,"n":"Brioches fourrées Epi d'Or Chocolat x8 - 310g","p":1.64,"u":"5,29 €/KG","img":"https://fd8-photos.leclercdrive.fr/image.ashx?id=2860730&use=l&cat=p&typeid=i","cat":293505},{"id":11089,"n":"Lingettes Demak'up Peaux sensibles 2x25","p":5.88,"img":"https://fd8-photos.leclercdrive.fr/image.ashx?id=2999883&use=l&cat=p&typeid=i","cat":285593},{"id":11152,"n":"Pomme de terre Ratte du Touquet Nos Régions ont du Talent 1kg","p":2.3,"u":"2,30 €/KG","img":"https://fd8-photos.leclercdrive.fr/image.ashx?id=2581857&use=l&cat=p&typeid=i","cat":284352},{"id":11153,"n":"Truite fumée Ovive Pyrénées 4 tranches - 120g","p":5.99,"u":"49,92 €/KG","img":"https://fd8-photos.leclercdrive.fr/image.ashx?id=2887848&use=l&cat=p&typeid=i","cat":285188},{"id":11175,"n":"Plat bébé soir Blédiner 8 mois Risotto courgette - 2x200g","p":2.25,"u":"5,63 €/KG","img":"https://fd8-photos.leclercdrive.fr/image.ashx?id=2921043&use=l&cat=p&typeid=i","cat":312239},{"id":11176,"n":"Lait céréales bébé Blédiner 6m Courgette soir - 2x250ml","p":2.58,"u":"5,16 €/L","img":"https://fd8-photos.leclercdrive.fr/image.ashx?id=2960147&use=l&cat=p&typeid=i","cat":312239},{"id":11178,"n":"Plat bébé soir Blédiner 12 mois Pâtes tomate courgette - 2x200g","p":2.29,"u":"5,73 €/KG","img":"https://fd8-photos.leclercdrive.fr/image.ashx?id=2902966&use=l&cat=p&typeid=i","cat":312239},{"id":11225,"n":"AOP Blaye Côtes de Bordeaux vin rouge Chantet Blanet - BIB 3L","p":11.99,"u":"4,00 €/L","img":"https://fd8-photos.leclercdrive.fr/image.ashx?id=2780719&use=l&cat=p&typeid=i","cat":289560},{"id":11292,"n":"AOC Clairette de Die Jaillance Esprit de terroirTradition 75cl","p":5.95,"u":"7,93 €/L","img":"https://fd8-photos.leclercdrive.fr/image.ashx?id=2453499&use=l&cat=p&typeid=i","cat":284545},{"id":11308,"n":"Couscous Tipiak - Grain moyen Prêt en 4 min - 1kg","p":1.53,"u":"1,53 €/KG","img":"https://fd8-photos.leclercdrive.fr/image.ashx?id=2947826&use=l&cat=p&typeid=i","cat":284429},{"id":11310,"n":"Crème Chantilly Isigny Ste Mère Sucrée et vanillée - 250g","p":2.65,"u":"10,60 €/KG","img":"https://fd8-photos.leclercdrive.fr/image.ashx?id=3004384&use=l&cat=p&typeid=i","cat":284382},{"id":11365,"n":"Crème aux oeufs La Laitière Vanille - 4x100g","p":1.99,"u":"4,98 €/KG","img":"https://fd8-photos.leclercdrive.fr/image.ashx?id=3007987&use=l&cat=p&typeid=i","cat":284419},{"id":11367,"n":"Yaourt à la grecque YAOS Nature - 4x150g","p":2.17,"u":"3,62 €/KG","img":"https://fd8-photos.leclercdrive.fr/image.ashx?id=2365006&use=l&cat=p&typeid=i","cat":314999},{"id":11391,"n":"Crème caramel Bonne Maman Aux oeufs frais - 4x100g","p":2.19,"u":"5,48 €/KG","img":"https://fd8-photos.leclercdrive.fr/image.ashx?id=1987563&use=l&cat=p&typeid=i","cat":284419},{"id":11455,"n":"Pasta Box Sodebo Tortellini Ricotta Épinards - 280g","p":2.99,"u":"10,68 €/KG","img":"https://fd8-photos.leclercdrive.fr/image.ashx?id=2919778&use=l&cat=p&typeid=i","cat":334983},{"id":11464,"n":"Pointe de brie Président Crémeux - 200g","p":1.99,"u":"9,95 €/KG","img":"https://fd8-photos.leclercdrive.fr/image.ashx?id=2029841&use=l&cat=p&typeid=i","cat":314033},{"id":11465,"n":"Beurre La Motte Président Demi-sel - 80%MG - 250g","p":3.19,"u":"12,76 €/KG","img":"https://fd8-photos.leclercdrive.fr/image.ashx?id=2896970&use=l&cat=p&typeid=i","cat":284379},{"id":11481,"n":"Salade Coleslaw Pierre Martinet Chou et carottes rapées - 500g","p":2.61,"u":"5,22 €/KG","img":"https://fd8-photos.leclercdrive.fr/image.ashx?id=2733076&use=l&cat=p&typeid=i","cat":333657},{"id":11490,"n":"Taboulé Pierre Martinet 5 légumes - 500g","p":2.99,"u":"5,98 €/KG","img":"https://fd8-photos.leclercdrive.fr/image.ashx?id=2877901&use=l&cat=p&typeid=i","cat":333657},{"id":11501,"n":"Yaourts Mamie Nova Cerise griotte - 2x150g","p":1.39,"u":"4,63 €/KG","img":"https://fd8-photos.leclercdrive.fr/image.ashx?id=2912245&use=l&cat=p&typeid=i","cat":284410},{"id":11507,"n":"Yaourts Mamie Nova Noix de coco - 2x150g","p":1.49,"u":"4,97 €/KG","img":"https://fd8-photos.leclercdrive.fr/image.ashx?id=2888488&use=l&cat=p&typeid=i","cat":284410},{"id":11509,"n":"Feuille de brick Tablier Blanc 8 feuilles - 136g","p":0.77,"u":"5,66 €/KG","img":"https://fd8-photos.leclercdrive.fr/image.ashx?id=1938558&use=l&cat=p&typeid=i","cat":333681},{"id":11520,"n":"Mi-bas mousse lycra Tissaia Gris moyen taille unique - x3","p":2.5,"u":"0,83 €/P","img":"https://fd8-photos.leclercdrive.fr/image.ashx?id=2193332&use=l&cat=p&typeid=i","cat":334130},{"id":11524,"n":"Socquettes voile Tissaia Résistant beige moyen TU - x3","p":2.95,"u":"0,98 €/P","img":"https://fd8-photos.leclercdrive.fr/image.ashx?id=2193365&use=l&cat=p&typeid=i","cat":334130},{"id":11525,"n":"Socquettes voile Tissaia Beige clair taille U - x3","p":2.95,"u":"0,98 €/P","img":"https://fd8-photos.leclercdrive.fr/image.ashx?id=2193368&use=l&cat=p&typeid=i","cat":334130},{"id":11527,"n":"Essuie-tout blanc Mimosa Super absorbant - x6","p":3.74,"u":"0,62 €/P","img":"https://fd8-photos.leclercdrive.fr/image.ashx?id=2713262&use=l&cat=p&typeid=i","cat":284635},{"id":11558,"n":"Vin du Maroc Boulaouane rosé  Cinsault grenache gris 12% 75cl","p":2.94,"u":"3,92 €/L","img":"https://fd8-photos.leclercdrive.fr/image.ashx?id=2179362&use=l&cat=p&typeid=i","cat":289558},{"id":11587,"n":"Papier toilette Mimosa Rose - Ultra doux - x12","p":2.82,"u":"0,24 €/P","img":"https://fd8-photos.leclercdrive.fr/image.ashx?id=2790919&use=l&cat=p&typeid=i","cat":284634},{"id":11588,"n":"Aneth  20g","p":1.29,"u":"64,50 €/KG","img":"https://fd8-photos.leclercdrive.fr/image.ashx?id=588949&use=l&cat=p&typeid=i","cat":293607},{"id":11603,"n":"Menthe  30g","p":1.29,"u":"43,00 €/KG","img":"https://fd8-photos.leclercdrive.fr/image.ashx?id=588970&use=l&cat=p&typeid=i","cat":293607},{"id":11633,"n":"Collant Well Elastivoile Satiné ibiza T1","p":5.0,"img":"https://fd8-photos.leclercdrive.fr/image.ashx?id=2056377&use=l&cat=p&typeid=i","cat":334130},{"id":11644,"n":"Collant voile Tissaïa Transparent beige clair T1 - x2","p":2.15,"u":"1,08 €/P","img":"https://fd8-photos.leclercdrive.fr/image.ashx?id=2193024&use=l&cat=p&typeid=i","cat":334130},{"id":11650,"n":"Collant voile Tissaia Transparent beige clair T2 - x2","p":2.15,"u":"1,08 €/P","img":"https://fd8-photos.leclercdrive.fr/image.ashx?id=2193030&use=l&cat=p&typeid=i","cat":334130},{"id":11662,"n":"Collant voile Tissaia Résistant beige foncé T1 - x2","p":3.25,"u":"1,63 €/P","img":"https://fd8-photos.leclercdrive.fr/image.ashx?id=2193045&use=l&cat=p&typeid=i","cat":334130},{"id":11667,"n":"Collant voile Tissaia Résistant beige foncé T2 - x2","p":3.25,"u":"1,63 €/P","img":"https://fd8-photos.leclercdrive.fr/image.ashx?id=2193051&use=l&cat=p&typeid=i","cat":334130},{"id":11686,"n":"Collant mousse Tissaia Elasthanne Noir T1 - x2","p":2.6,"u":"1,30 €/P","img":"https://fd8-photos.leclercdrive.fr/image.ashx?id=2193099&use=l&cat=p&typeid=i","cat":334130},{"id":11687,"n":"Collant mousse Tissaia Confort beige moyen T1 - x2","p":1.95,"u":"0,98 €/P","img":"https://fd8-photos.leclercdrive.fr/image.ashx?id=2193081&use=l&cat=p&typeid=i","cat":334130},{"id":11690,"n":"Collant mousse Tissaia Confort beige moyen T3 - x2","p":1.95,"u":"0,98 €/P","img":"https://fd8-photos.leclercdrive.fr/image.ashx?id=2193087&use=l&cat=p&typeid=i","cat":334130},{"id":11695,"n":"Collant mousse Tissaia Elasthanne Gris moyen T2 - x2","p":2.6,"u":"1,30 €/P","img":"https://fd8-photos.leclercdrive.fr/image.ashx?id=2193108&use=l&cat=p&typeid=i","cat":334130},{"id":11697,"n":"Collant mousse Tissaia Elasthanne Gris moyen T4 - x2","p":2.6,"u":"1,30 €/P","img":"https://fd8-photos.leclercdrive.fr/image.ashx?id=2193275&use=l&cat=p&typeid=i","cat":334130},{"id":11700,"n":"Bas clip voile Tissaia  Brillant Noir - T3","p":4.2,"img":"https://fd8-photos.leclercdrive.fr/image.ashx?id=2874829&use=l&cat=p&typeid=i","cat":334130},{"id":11701,"n":"Bas clip Up Tissaia voile Brillant beige T4","p":4.2,"img":"https://fd8-photos.leclercdrive.fr/image.ashx?id=2193287&use=l&cat=p&typeid=i","cat":334130},{"id":11702,"n":"Bas clip Tissaia voile Brillant noir T4","p":4.2,"img":"https://fd8-photos.leclercdrive.fr/image.ashx?id=2193290&use=l&cat=p&typeid=i","cat":334130},{"id":11704,"n":"Bas clip Tissaia voile brillant Beige T1/2","p":4.2,"img":"https://fd8-photos.leclercdrive.fr/image.ashx?id=2193293&use=l&cat=p&typeid=i","cat":334130},{"id":11705,"n":"Bas clip Tissaia voile Brillant noir T1/2","p":4.2,"img":"https://fd8-photos.leclercdrive.fr/image.ashx?id=2193296&use=l&cat=p&typeid=i","cat":334130},{"id":11737,"n":"Mi-bas mousse Tissaia Noir taille unique - x3","p":1.95,"u":"0,65 €/P","img":"https://fd8-photos.leclercdrive.fr/image.ashx?id=2193320&use=l&cat=p&typeid=i","cat":334130},{"id":11745,"n":"Mi-bas voile résistant Tissaia Gris moyen taille unique - x3","p":2.7,"u":"0,90 €/P","img":"https://fd8-photos.leclercdrive.fr/image.ashx?id=2193350&use=l&cat=p&typeid=i","cat":334130},{"id":11795,"n":"Confiture Andros Fraises - 1kg","p":3.79,"u":"3,79 €/KG","img":"https://fd8-photos.leclercdrive.fr/image.ashx?id=2946892&use=l&cat=p&typeid=i","cat":284480},{"id":11818,"n":"Bas clip Tissaia voile brillant Beige T3","p":4.2,"img":"https://fd8-photos.leclercdrive.fr/image.ashx?id=2193281&use=l&cat=p&typeid=i","cat":334130},{"id":11878,"n":"AOC Bordeaux vin rouge Chantet Blanet - BIB 3L","p":9.99,"u":"3,33 €/L","img":"https://fd8-photos.leclercdrive.fr/image.ashx?id=2708456&use=l&cat=p&typeid=i","cat":289560},{"id":11879,"n":"AOC Côtes du Rhône vin rouge Grégoire XI - BIB 3L","p":9.99,"u":"3,33 €/L","img":"https://fd8-photos.leclercdrive.fr/image.ashx?id=2714980&use=l&cat=p&typeid=i","cat":289560},{"id":11880,"n":"AOC Vouvray brut Les Caractères - 75cl","p":5.99,"u":"7,99 €/L","img":"https://fd8-photos.leclercdrive.fr/image.ashx?id=2801043&use=l&cat=p&typeid=i","cat":284544},{"id":11881,"n":"AOP Vouvray demi-sec Les Caractères - 75cl","p":5.99,"u":"7,99 €/L","img":"https://fd8-photos.leclercdrive.fr/image.ashx?id=2308701&use=l&cat=p&typeid=i","cat":284544},{"id":11885,"n":"Fruits au sirop St Mamet Cocktail avec son jus - 3x125g","p":2.97,"u":"7,92 €/KG","img":"https://fd8-photos.leclercdrive.fr/image.ashx?id=2628440&use=l&cat=p&typeid=i","cat":284507},{"id":11886,"n":"IGP Pays d'Oc Gris vin rosé Rives & Terrasses 12.5% BIB 3L","p":8.49,"u":"2,83 €/L","img":"https://fd8-photos.leclercdrive.fr/image.ashx?id=2909383&use=l&cat=p&typeid=i","cat":289560},{"id":11888,"n":"AOC Crémant d'Alsace brut rosé Rebmann - 75 cl","p":5.95,"u":"7,93 €/L","img":"https://fd8-photos.leclercdrive.fr/image.ashx?id=2922497&use=l&cat=p&typeid=i","cat":284545},{"id":11895,"n":"AOC Côtes du Rhône vin rouge Grégoire XI - BIB 5L","p":16.49,"u":"3,30 €/L","img":"https://fd8-photos.leclercdrive.fr/image.ashx?id=2710774&use=l&cat=p&typeid=i","cat":289560},{"id":11903,"n":"Arôme naturel de citron Vahiné 20ml","p":1.18,"u":"59,00 €/L","img":"https://fd8-photos.leclercdrive.fr/image.ashx?id=2559772&use=l&cat=p&typeid=i","cat":284504},{"id":11906,"n":"Nappage caramel Vahiné 700g","p":2.26,"u":"3,23 €/KG","img":"https://fd8-photos.leclercdrive.fr/image.ashx?id=2983234&use=l&cat=p&typeid=i","cat":284504},{"id":12000,"n":"Couscous Comptoir du Grain Grain moyen - 5x100g","p":0.84,"u":"1,68 €/KG","img":"https://fd8-photos.leclercdrive.fr/image.ashx?id=3012815&use=l&cat=p&typeid=i","cat":284429},{"id":12013,"n":"Riz Thaï Vivien Paille 1kg","p":3.08,"u":"3,08 €/KG","img":"https://fd8-photos.leclercdrive.fr/image.ashx?id=2421733&use=l&cat=p&typeid=i","cat":284428},{"id":12014,"n":"Riz Basmati Vivien Paille 1kg","p":2.23,"u":"2,23 €/KG","img":"https://fd8-photos.leclercdrive.fr/image.ashx?id=2326361&use=l&cat=p&typeid=i","cat":284428},{"id":12017,"n":"Riz rond Vivien Paille dessert Perliz cello - 1kg","p":2.25,"u":"2,25 €/KG","img":"https://fd8-photos.leclercdrive.fr/image.ashx?id=2284082&use=l&cat=p&typeid=i","cat":284428},{"id":12078,"n":"Pâte à tartiner Nustikao 400g","p":1.83,"u":"4,58 €/KG","img":"https://fd8-photos.leclercdrive.fr/image.ashx?id=2856411&use=l&cat=p&typeid=i","cat":284481},{"id":12102,"n":"Roquette Notre Jardin  - 125g","p":1.42,"u":"11,36 €/KG","img":"https://fd8-photos.leclercdrive.fr/image.ashx?id=2654465&use=l&cat=p&typeid=i","cat":284353},{"id":12122,"n":"Vermicelles de riz Suzi Wan 250g","p":1.83,"u":"7,32 €/KG","img":"https://fd8-photos.leclercdrive.fr/image.ashx?id=3002183&use=l&cat=p&typeid=i","cat":288992},{"id":12129,"n":"Vermicelles soja Suzi Wan 100g","p":1.69,"u":"16,90 €/KG","img":"https://fd8-photos.leclercdrive.fr/image.ashx?id=2886259&use=l&cat=p&typeid=i","cat":288992},{"id":12131,"n":"Crème coco Suzi Wan 200ml","p":1.53,"u":"7,65 €/L","img":"https://fd8-photos.leclercdrive.fr/image.ashx?id=2886250&use=l&cat=p&typeid=i","cat":288992},{"id":12170,"n":"AOP Bordeaux rosé Baron de Lestac - 75cl","p":3.84,"u":"5,12 €/L","img":"https://fd8-photos.leclercdrive.fr/image.ashx?id=2179368&use=l&cat=p&typeid=i","cat":289558},{"id":12236,"n":"Spaghetti d'Alsace NRT 250g","p":1.39,"u":"5,56 €/KG","img":"https://fd8-photos.leclercdrive.fr/image.ashx?id=2839983&use=l&cat=p&typeid=i","cat":284427},{"id":12241,"n":"Pâte à pizza Tablier Blanc Herbes de Provence - 500g","p":1.99,"u":"3,98 €/KG","img":"https://fd8-photos.leclercdrive.fr/image.ashx?id=1731164&use=l&cat=p&typeid=i","cat":333681},{"id":12242,"n":"Rillettes de saumon MSC Ronde des mers - 150g","p":1.99,"u":"13,27 €/KG","img":"https://fd8-photos.leclercdrive.fr/image.ashx?id=2552424&use=l&cat=p&typeid=i","cat":285191},{"id":12243,"n":"Rillettes de thon MSC Ronde des mers - 150g","p":1.99,"u":"13,27 €/KG","img":"https://fd8-photos.leclercdrive.fr/image.ashx?id=2644873&use=l&cat=p&typeid=i","cat":285191},{"id":12245,"n":"Galettes Bretonnes P'tit Déli Pépites chocolat 130g","p":1.34,"u":"10,31 €/KG","img":"https://fd8-photos.leclercdrive.fr/image.ashx?id=2387973&use=l&cat=p&typeid=i","cat":284487},{"id":12249,"n":"Torsades d'Alsace NRT 250g","p":1.39,"u":"5,56 €/KG","img":"https://fd8-photos.leclercdrive.fr/image.ashx?id=2839980&use=l&cat=p&typeid=i","cat":284427},{"id":12258,"n":"Gros sel de l'Ile de Ré NRT Sachet -1kg","p":1.69,"u":"1,69 €/KG","img":"https://fd8-photos.leclercdrive.fr/image.ashx?id=2802879&use=l&cat=p&typeid=i","cat":284457},{"id":12259,"n":"Fromage Mimolette vieille NRT  Label Rouge  - 200g","p":3.65,"u":"18,25 €/KG","img":"https://fd8-photos.leclercdrive.fr/image.ashx?id=2934829&use=l&cat=p&typeid=i","cat":314034},{"id":12261,"n":"Double concentré tomates Turini 3X70g","p":2.15,"u":"10,24 €/KG","img":"https://fd8-photos.leclercdrive.fr/image.ashx?id=3012394&use=l&cat=p&typeid=i","cat":288384},{"id":12333,"n":"Frisk Menthe Forte  sans sucres - 5,7g","p":0.83,"u":"138,33 €/KG","img":"https://fd8-photos.leclercdrive.fr/image.ashx?id=2660206&use=l&cat=p&typeid=i","cat":304256},{"id":12342,"n":"Sucettes Chupa Chups Fresh cola - 192g","p":2.01,"u":"10,47 €/KG","img":"https://fd8-photos.leclercdrive.fr/image.ashx?id=2149489&use=l&cat=p&typeid=i","cat":304252},{"id":12362,"n":"Thon entier Pêche Océan Naturel - 2x140g","p":3.75,"u":"13,39 €/KG","img":"https://fd8-photos.leclercdrive.fr/image.ashx?id=2941423&use=l&cat=p&typeid=i","cat":303867},{"id":12363,"n":"Thon entier Pêche Océan Naturel - 3x93g","p":3.99,"u":"14,30 €/KG","img":"https://fd8-photos.leclercdrive.fr/image.ashx?id=2941411&use=l&cat=p&typeid=i","cat":303867},{"id":12365,"n":"Couscous royal Côté Table Volaille et merguez 980g","p":3.69,"u":"3,77 €/KG","img":"https://fd8-photos.leclercdrive.fr/image.ashx?id=2977144&use=l&cat=p&typeid=i","cat":325094},{"id":12368,"n":"Saucisses et haricots blancs Côté Table - 840g","p":3.15,"u":"3,75 €/KG","img":"https://fd8-photos.leclercdrive.fr/image.ashx?id=2980465&use=l&cat=p&typeid=i","cat":284441},{"id":12373,"n":"Moutarde Rustica Mi-forte - 415g","p":1.27,"u":"3,06 €/KG","img":"https://fd8-photos.leclercdrive.fr/image.ashx?id=1961437&use=l&cat=p&typeid=i","cat":288850},{"id":12374,"n":"Purée de tomates Turini 3x200g","p":1.19,"u":"1,98 €/KG","img":"https://fd8-photos.leclercdrive.fr/image.ashx?id=2174684&use=l&cat=p&typeid=i","cat":288384},{"id":12376,"n":"Pâtes Alphabet Turini 500g","p":0.99,"u":"1,98 €/KG","img":"https://fd8-photos.leclercdrive.fr/image.ashx?id=2980797&use=l&cat=p&typeid=i","cat":284427},{"id":12380,"n":"Infusion Tiséa Digestion facilitée x25","p":0.99,"u":"24,75 €/KG","img":"https://fd8-photos.leclercdrive.fr/image.ashx?id=2696253&use=l&cat=p&typeid=i","cat":293234},{"id":12384,"n":"Thon entier Pêche Océan Huile de tournesol - 3x80g","p":2.49,"u":"10,38 €/KG","img":"https://fd8-photos.leclercdrive.fr/image.ashx?id=778226&use=l&cat=p&typeid=i","cat":303867},{"id":12391,"n":"Sirop Frucci Fraise - 1L","p":3.5,"u":"3,50 €/L","img":"https://fd8-photos.leclercdrive.fr/image.ashx?id=2954076&use=l&cat=p&typeid=i","cat":295020},{"id":12394,"n":"Nectar Jafaden Abricot - 4x20cl","p":2.68,"u":"3,35 €/L","img":"https://fd8-photos.leclercdrive.fr/image.ashx?id=2955674&use=l&cat=p&typeid=i","cat":284524},{"id":12397,"n":"Vin mousseux d'Union Européenne Brut Blazer - 75 cl","p":3.15,"u":"4,20 €/L","img":"https://fd8-photos.leclercdrive.fr/image.ashx?id=2623950&use=l&cat=p&typeid=i","cat":284544},{"id":12398,"n":"Vin mousseux d'Union Européenne  Demi-sec Blazer - 75cl","p":3.19,"u":"4,25 €/L","img":"https://fd8-photos.leclercdrive.fr/image.ashx?id=2623953&use=l&cat=p&typeid=i","cat":284544},{"id":12399,"n":"Apéritif anisé Cantanis Sans alcool - 1L","p":2.25,"u":"2,25 €/L","img":"https://fd8-photos.leclercdrive.fr/image.ashx?id=2520011&use=l&cat=p&typeid=i","cat":284549},{"id":12402,"n":"Crème de mûres Auguste Muniot 15%vol. - 50cl","p":4.58,"u":"9,16 €/L","img":"https://fd8-photos.leclercdrive.fr/image.ashx?id=2541525&use=l&cat=p&typeid=i","cat":286032},{"id":12421,"n":"Vinaigre de vin Rustica Aromatisé Framboise - 50cl","p":1.99,"u":"3,98 €/L","img":"https://fd8-photos.leclercdrive.fr/image.ashx?id=2142181&use=l&cat=p&typeid=i","cat":298543},{"id":12422,"n":"Jus de citron vert Rustica 2x12,5cll","p":1.31,"u":"5,24 €/L","img":"https://fd8-photos.leclercdrive.fr/image.ashx?id=2974789&use=l&cat=p&typeid=i","cat":288383},{"id":12426,"n":"Pâtes Cheveux d'anges Turini 1kg","p":1.61,"u":"1,61 €/KG","img":"https://fd8-photos.leclercdrive.fr/image.ashx?id=2980791&use=l&cat=p&typeid=i","cat":284427},{"id":12437,"n":"Sel fin de l'île de Ré NRT 250g","p":1.35,"u":"5,40 €/KG","img":"https://fd8-photos.leclercdrive.fr/image.ashx?id=2802876&use=l&cat=p&typeid=i","cat":284457},{"id":12438,"n":"Vinaigre Balsamique MAILLE Velours de Modène - 25cl","p":3.77,"u":"15,08 €/L","img":"https://fd8-photos.leclercdrive.fr/image.ashx?id=2889994&use=l&cat=p&typeid=i","cat":298543},{"id":12441,"n":"Moutarde Amora Fine et douce  - 435g","p":1.75,"u":"4,02 €/KG","img":"https://fd8-photos.leclercdrive.fr/image.ashx?id=2507608&use=l&cat=p&typeid=i","cat":288850},{"id":12451,"n":"Thé glacé Fresh Tea Pêche - Brique - 6x20cl","p":2.43,"u":"2,03 €/L","img":"https://fd8-photos.leclercdrive.fr/image.ashx?id=2622248&use=l&cat=p&typeid=i","cat":295019},{"id":12453,"n":"Soda Jean's Cola sans Caféine Zéro - Bouteille - 1,5L","p":0.96,"u":"0,64 €/L","img":"https://fd8-photos.leclercdrive.fr/image.ashx?id=2637865&use=l&cat=p&typeid=i","cat":284530},{"id":12464,"n":"Soda Jean's Cola Zéro Bouteille - 1,5L","p":0.45,"u":"0,30 €/L","img":"https://fd8-photos.leclercdrive.fr/image.ashx?id=2637883&use=l&cat=p&typeid=i","cat":284530},{"id":12467,"n":"Jus multifruits Jafaden Pur jus - 1L","p":1.99,"u":"1,99 €/L","img":"https://fd8-photos.leclercdrive.fr/image.ashx?id=2958705&use=l&cat=p&typeid=i","cat":284917},{"id":12469,"n":"100% Pur jus d'orange Jafaden  Sans pulpe - 1L","p":1.99,"u":"1,99 €/L","img":"https://fd8-photos.leclercdrive.fr/image.ashx?id=2842477&use=l&cat=p&typeid=i","cat":284521},{"id":12470,"n":"Pur Jus de raisin Bio Village Bio - 1L","p":2.29,"u":"2,29 €/L","img":"https://fd8-photos.leclercdrive.fr/image.ashx?id=2901518&use=l&cat=p&typeid=i","cat":284915},{"id":12471,"n":"Thon entier Pêche Océan Huile de tournesol - 160g","p":1.63,"u":"10,19 €/KG","img":"https://fd8-photos.leclercdrive.fr/image.ashx?id=2941399&use=l&cat=p&typeid=i","cat":303867},{"id":12477,"n":"Cassoulet Saucisse de Toulouse Côté Table - 420g","p":2.11,"u":"5,02 €/KG","img":"https://fd8-photos.leclercdrive.fr/image.ashx?id=2977861&use=l&cat=p&typeid=i","cat":284440},{"id":12501,"n":"Café soluble Plantation Sélection - 200g","p":4.44,"u":"22,20 €/KG","img":"https://fd8-photos.leclercdrive.fr/image.ashx?id=2834266&use=l&cat=p&typeid=i","cat":284843},{"id":12506,"n":"Marshmallows Copains Copines Vanille 300g","p":1.25,"u":"4,17 €/KG","img":"https://fd8-photos.leclercdrive.fr/image.ashx?id=2934646&use=l&cat=p&typeid=i","cat":304250},{"id":12512,"n":"Vinaigre de vin aux noix Maille - 50cl","p":1.6,"u":"3,20 €/L","img":"https://fd8-photos.leclercdrive.fr/image.ashx?id=2875999&use=l&cat=p&typeid=i","cat":298543},{"id":12513,"n":"Cornichons Maille Malossol A la russe 440g","p":2.76,"u":"6,27 €/KG","img":"https://fd8-photos.leclercdrive.fr/image.ashx?id=2076023&use=l&cat=p&typeid=i","cat":284458},{"id":12517,"n":"Fritelle Lay's Goût bacon  - 80g","p":0.6,"u":"7,50 €/KG","img":"https://fd8-photos.leclercdrive.fr/image.ashx?id=2138479&use=l&cat=p&typeid=i","cat":284449},{"id":12529,"n":"Moutarde de Dijon Rustica  195g","p":1.25,"u":"6,41 €/KG","img":"https://fd8-photos.leclercdrive.fr/image.ashx?id=1921604&use=l&cat=p&typeid=i","cat":288850},{"id":12534,"n":"Café moulu Plantation  Fruité & délicat déca - 250g","p":3.69,"u":"14,76 €/KG","img":"https://fd8-photos.leclercdrive.fr/image.ashx?id=2856402&use=l&cat=p&typeid=i","cat":284750},{"id":12551,"n":"Raviolis légumes Bio Village Bio - 700g","p":2.53,"u":"3,61 €/KG","img":"https://fd8-photos.leclercdrive.fr/image.ashx?id=2717252&use=l&cat=p&typeid=i","cat":284442},{"id":12555,"n":"Mogette cuite au naturel NRT De Vendée - 530g","p":3.19,"u":"6,02 €/KG","img":"https://fd8-photos.leclercdrive.fr/image.ashx?id=2771025&use=l&cat=p&typeid=i","cat":312606},{"id":12557,"n":"Vinaigrette Rustica Echalote - 50cl","p":1.25,"u":"2,50 €/L","img":"https://fd8-photos.leclercdrive.fr/image.ashx?id=1972901&use=l&cat=p&typeid=i","cat":284456},{"id":12564,"n":"Châtaignes Notre Jardin Entières - 420g","p":5.09,"u":"12,12 €/KG","img":"https://fd8-photos.leclercdrive.fr/image.ashx?id=1965527&use=l&cat=p&typeid=i","cat":312612},{"id":12565,"n":"Haricots beurre Notre Jardin Extra fins - 220g","p":1.88,"u":"8,55 €/KG","img":"https://fd8-photos.leclercdrive.fr/image.ashx?id=2988039&use=l&cat=p&typeid=i","cat":312606},{"id":12566,"n":"Sel régénérant Eco+ 4kg","p":2.04,"u":"0,51 €/KG","img":"https://fd8-photos.leclercdrive.fr/image.ashx?id=2865236&use=l&cat=p&typeid=i","cat":284657},{"id":12573,"n":"Eponges Mamison salle de bain Décorées x2","p":0.99,"u":"0,50 €/P","img":"https://fd8-photos.leclercdrive.fr/image.ashx?id=2199055&use=l&cat=p&typeid=i","cat":284667},{"id":12581,"n":"Soupe Déshydratée Thaï KNORR Nouilles & Champignons - 70cl","p":1.39,"u":"1,99 €/L","img":"https://fd8-photos.leclercdrive.fr/image.ashx?id=2772554&use=l&cat=p&typeid=i","cat":284463},{"id":12584,"n":"Pain grillé bio Bio Village Blé complet x12 - 250g","p":1.77,"u":"7,08 €/KG","img":"https://fd8-photos.leclercdrive.fr/image.ashx?id=2619749&use=l&cat=p&typeid=i","cat":284479},{"id":12587,"n":"Compote Douceur du Verger Gourdes multivariétés - 12x90g","p":3.93,"u":"3,64 €/KG","img":"https://fd8-photos.leclercdrive.fr/image.ashx?id=2837039&use=l&cat=p&typeid=i","cat":284508},{"id":12588,"n":"Sel régénérant Visior Lave-vaisselle - 4x1kg","p":2.69,"u":"0,67 €/KG","img":"https://fd8-photos.leclercdrive.fr/image.ashx?id=2463401&use=l&cat=p&typeid=i","cat":284657},{"id":12591,"n":"Soupe déshydratée Knorr 9 légumes - 75cl","p":0.88,"u":"1,17 €/L","img":"https://fd8-photos.leclercdrive.fr/image.ashx?id=2790585&use=l&cat=p&typeid=i","cat":284463},{"id":12593,"n":"Soupe déshydratée Knorr 9 légumes - 105g","p":0.9,"u":"8,57 €/KG","img":"https://fd8-photos.leclercdrive.fr/image.ashx?id=2875930&use=l&cat=p&typeid=i","cat":284463},{"id":12601,"n":"Oignon Rustica Coupés - 100g","p":2.14,"u":"21,40 €/KG","img":"https://fd8-photos.leclercdrive.fr/image.ashx?id=2365466&use=l&cat=p&typeid=i","cat":319804},{"id":12602,"n":"Ciboulette Rustica Coupé - 50g","p":1.65,"u":"33,00 €/KG","img":"https://fd8-photos.leclercdrive.fr/image.ashx?id=2365460&use=l&cat=p&typeid=i","cat":319804},{"id":12605,"n":"Cornichons Maille Le Mini 210g","p":3.09,"u":"14,71 €/KG","img":"https://fd8-photos.leclercdrive.fr/image.ashx?id=2877310&use=l&cat=p&typeid=i","cat":284458},{"id":12606,"n":"Marmite bouillon Knorr Poule - 224g","p":1.46,"u":"6,52 €/KG","img":"https://fd8-photos.leclercdrive.fr/image.ashx?id=2960288&use=l&cat=p&typeid=i","cat":288379},{"id":12611,"n":"Crozets au Sarrasin NRT 400g","p":2.3,"u":"5,75 €/KG","img":"https://fd8-photos.leclercdrive.fr/image.ashx?id=2856220&use=l&cat=p&typeid=i","cat":284427},{"id":12634,"n":"Olives de Nyons AOP NRT Noires - 230g","p":3.48,"u":"15,13 €/KG","img":"https://fd8-photos.leclercdrive.fr/image.ashx?id=2704888&use=l&cat=p&typeid=i","cat":284458},{"id":12668,"n":"Pizza Cuite sur pierre Turini Jambon fromage - 3x350g","p":6.22,"u":"5,92 €/KG","img":"https://fd8-photos.leclercdrive.fr/image.ashx?id=2815232&use=l&cat=p&typeid=i","cat":284256},{"id":12669,"n":"Sauce Burger AMORA 260g","p":1.81,"u":"6,96 €/KG","img":"https://fd8-photos.leclercdrive.fr/image.ashx?id=2893853&use=l&cat=p&typeid=i","cat":318431},{"id":12670,"n":"Basilic Rustica Coupé - 50g","p":1.69,"u":"33,80 €/KG","img":"https://fd8-photos.leclercdrive.fr/image.ashx?id=2365463&use=l&cat=p&typeid=i","cat":319804},{"id":12674,"n":"Nids d'Alsace NRT 250g","p":1.39,"u":"5,56 €/KG","img":"https://fd8-photos.leclercdrive.fr/image.ashx?id=2839968&use=l&cat=p&typeid=i","cat":284427},{"id":12675,"n":"Pizza Cuite sur pierre Turini 4 fromages - 400g","p":2.71,"u":"6,78 €/KG","img":"https://fd8-photos.leclercdrive.fr/image.ashx?id=2815229&use=l&cat=p&typeid=i","cat":284256},{"id":12676,"n":"Pizza Cuite sur pierre Turini Chorizo - 400g","p":2.69,"u":"6,73 €/KG","img":"https://fd8-photos.leclercdrive.fr/image.ashx?id=2815226&use=l&cat=p&typeid=i","cat":284256},{"id":12680,"n":"Filets d'Anchois Pêche Océan Marinés à l'Orientale - 100g","p":1.99,"u":"19,90 €/KG","img":"https://fd8-photos.leclercdrive.fr/image.ashx?id=1671726&use=l&cat=p&typeid=i","cat":285190},{"id":12684,"n":"Filets d'Anchois Pêche Océan Marinés à la provençale - 100g","p":1.99,"u":"19,90 €/KG","img":"https://fd8-photos.leclercdrive.fr/image.ashx?id=2993567&use=l&cat=p&typeid=i","cat":285190},{"id":12685,"n":"Biscuit P'tit Beurres chocolait P'tit Déli 268g","p":2.69,"u":"10,04 €/KG","img":"https://fd8-photos.leclercdrive.fr/image.ashx?id=2473975&use=l&cat=p&typeid=i","cat":284488},{"id":12691,"n":"Pizza Familiale 4 from. Turini Cuite sur pierre - 570g","p":3.7,"u":"6,49 €/KG","img":"https://fd8-photos.leclercdrive.fr/image.ashx?id=2815220&use=l&cat=p&typeid=i","cat":284256},{"id":12702,"n":"Poisson pané Pêche Océan Tomate - MSC - x8 - 600g","p":4.29,"u":"7,15 €/KG","img":"https://fd8-photos.leclercdrive.fr/image.ashx?id=2930111&use=l&cat=p&typeid=i","cat":319788},{"id":12706,"n":"Dentifrice Dentamyl Soin complet 75ml","p":0.76,"u":"10,13 €/L","img":"https://fd8-photos.leclercdrive.fr/image.ashx?id=2276480&use=l&cat=p&typeid=i","cat":284612},{"id":12709,"n":"Panés dinde Le Gaulois x10 - 1kg","p":8.28,"u":"8,28 €/KG","img":"https://fd8-photos.leclercdrive.fr/image.ashx?id=2484191&use=l&cat=p&typeid=i","cat":333683},{"id":12712,"n":"Sauce Poivrons Aubergine Turini 190g","p":1.79,"u":"9,42 €/KG","img":"https://fd8-photos.leclercdrive.fr/image.ashx?id=2478474&use=l&cat=p&typeid=i","cat":287599},{"id":12729,"n":"Pânés poulet Le Gaulois x2 -  200g","p":1.85,"u":"9,25 €/KG","img":"https://fd8-photos.leclercdrive.fr/image.ashx?id=2261660&use=l&cat=p&typeid=i","cat":333684},{"id":12733,"n":"Bacon Herta superposé x15 150g","p":2.39,"u":"15,93 €/KG","img":"https://fd8-photos.leclercdrive.fr/image.ashx?id=2889325&use=l&cat=p&typeid=i","cat":316007},{"id":12741,"n":"Emmental fromage râpé bio Bio village - 100g","p":1.49,"u":"14,90 €/KG","img":"https://fd8-photos.leclercdrive.fr/image.ashx?id=2757942&use=l&cat=p&typeid=i","cat":314035},{"id":12752,"n":"Filet Poulet blanc LR X2  IGP Volailles du Maine  - 240g","p":7.3,"u":"30,42 €/KG","img":"https://fd8-photos.leclercdrive.fr/image.ashx?id=2250558&use=l&cat=p&typeid=i","cat":284336},{"id":12769,"n":"Collants mousse Tissaia Elasthanne beige foncé T1 - x2","p":2.6,"u":"1,30 €/P","img":"https://fd8-photos.leclercdrive.fr/image.ashx?id=2193096&use=l&cat=p&typeid=i","cat":334130},{"id":12771,"n":"Collants mousse Tissaia Elasthanne beige foncé T2 - x2","p":2.6,"u":"1,30 €/P","img":"https://fd8-photos.leclercdrive.fr/image.ashx?id=2193105&use=l&cat=p&typeid=i","cat":334130},{"id":12772,"n":"Boisson Jafaden Cranberry - 1L","p":1.92,"u":"1,92 €/L","img":"https://fd8-photos.leclercdrive.fr/image.ashx?id=2591394&use=l&cat=p&typeid=i","cat":284915},{"id":12773,"n":"Collant mousse Tissaia Elasthanne beige clair T2 - x2","p":2.6,"u":"1,30 €/P","img":"https://fd8-photos.leclercdrive.fr/image.ashx?id=2193102&use=l&cat=p&typeid=i","cat":334130},{"id":12777,"n":"Collant mousse Tissaia Elasthanne beige clair T4 - x2","p":2.6,"u":"1,30 €/P","img":"https://fd8-photos.leclercdrive.fr/image.ashx?id=2193269&use=l&cat=p&typeid=i","cat":334130},{"id":12779,"n":"Collant mousse Tissaia Elasthanne beige foncé T4 - x2","p":2.6,"u":"1,30 €/P","img":"https://fd8-photos.leclercdrive.fr/image.ashx?id=2193272&use=l&cat=p&typeid=i","cat":334130},{"id":12794,"n":"Foie gras Pierre de Chaumeyrac IGP Entier du Sud Ouest - 240g","p":20.9,"u":"87,08 €/KG","img":"https://fd8-photos.leclercdrive.fr/image.ashx?id=2995986&use=l&cat=p&typeid=i","cat":316008},{"id":12816,"n":"Dentifrice blancheur Dentamyl Soin complet 75ml","p":0.98,"u":"13,07 €/L","img":"https://fd8-photos.leclercdrive.fr/image.ashx?id=2489110&use=l&cat=p&typeid=i","cat":284612},{"id":12838,"n":"Foie de volaille Le Gaulois Confit - 300g","p":3.95,"u":"13,17 €/KG","img":"https://fd8-photos.leclercdrive.fr/image.ashx?id=2732719&use=l&cat=p&typeid=i","cat":284715},{"id":12916,"n":"Infusion bio Bio Village Digestion x20 - 30g","p":1.55,"u":"51,67 €/KG","img":"https://fd8-photos.leclercdrive.fr/image.ashx?id=2696286&use=l&cat=p&typeid=i","cat":293234},{"id":12917,"n":"Infusion bio Bio Village Pour le soir x20 - 30g","p":1.75,"u":"58,33 €/KG","img":"https://fd8-photos.leclercdrive.fr/image.ashx?id=2854261&use=l&cat=p&typeid=i","cat":293234},{"id":12925,"n":"Délice de tomates séchées NRT à la provençale - 90g","p":2.2,"u":"24,44 €/KG","img":"https://fd8-photos.leclercdrive.fr/image.ashx?id=2991163&use=l&cat=p&typeid=i","cat":315999},{"id":12926,"n":"Caviar d'aubergines NRT à la provençale - 90g","p":2.09,"u":"23,22 €/KG","img":"https://fd8-photos.leclercdrive.fr/image.ashx?id=2991160&use=l&cat=p&typeid=i","cat":315999},{"id":12927,"n":"Tapenade verte NRT à la provençale - 90g","p":2.5,"u":"27,78 €/KG","img":"https://fd8-photos.leclercdrive.fr/image.ashx?id=2991154&use=l&cat=p&typeid=i","cat":315999},{"id":12930,"n":"Mélange forestier Notre Jardin 450g","p":2.56,"u":"5,69 €/KG","img":"https://fd8-photos.leclercdrive.fr/image.ashx?id=825783&use=l&cat=p&typeid=i","cat":319823},{"id":12965,"n":"Crêpes dentelles chocolat NRT 100g","p":1.82,"u":"18,20 €/KG","img":"https://fd8-photos.leclercdrive.fr/image.ashx?id=2770265&use=l&cat=p&typeid=i","cat":284490},{"id":13057,"n":"Shampoing kératine Dessange Pour Cheveux colorés - 250ml","p":3.38,"u":"13,52 €/L","img":"https://fd8-photos.leclercdrive.fr/image.ashx?id=2308039&use=l&cat=p&typeid=i","cat":284606},{"id":13246,"n":"Cartouches encre noir Esquisse Courtes x30","p":0.99,"img":"https://fd8-photos.leclercdrive.fr/image.ashx?id=1188603&use=l&cat=p&typeid=i","cat":284696},{"id":13307,"n":"Sous chemises Esquisse 22x32cm - x50","p":3.59,"img":"https://fd8-photos.leclercdrive.fr/image.ashx?id=1928800&use=l&cat=p&typeid=i","cat":284745},{"id":13308,"n":"Chemises Esquisse 24x32cm x15","p":3.3,"img":"https://fd8-photos.leclercdrive.fr/image.ashx?id=1678706&use=l&cat=p&typeid=i","cat":284745},{"id":13339,"n":"Anchois entiers Connétable Huile d'olive - 100g","p":1.74,"u":"17,40 €/KG","img":"https://fd8-photos.leclercdrive.fr/image.ashx?id=2807570&use=l&cat=p&typeid=i","cat":305147},{"id":13342,"n":"Thon entier Le Savoureux Huile d'olive - 160g","p":2.83,"u":"17,69 €/KG","img":"https://fd8-photos.leclercdrive.fr/image.ashx?id=2960159&use=l&cat=p&typeid=i","cat":303867},{"id":13356,"n":"IGP Fleur de sel Le Guérandais Tradition -  125g","p":3.37,"u":"26,96 €/KG","img":"https://fd8-photos.leclercdrive.fr/image.ashx?id=2457881&use=l&cat=p&typeid=i","cat":284457},{"id":13364,"n":"Agrafes n°10 Maped x2000","p":1.0,"img":"https://fd8-photos.leclercdrive.fr/image.ashx?id=2962254&use=l&cat=p&typeid=i","cat":334133},{"id":13425,"n":"Beurre Moulé Paysan Breton Demi-sel - 80% MG - 500g","p":6.24,"u":"12,48 €/KG","img":"https://fd8-photos.leclercdrive.fr/image.ashx?id=2774499&use=l&cat=p&typeid=i","cat":284379},{"id":13429,"n":"Mini-beurre Paysan Breton Demi-sel x20 - 82%MG - 200g","p":2.99,"pp":2.09,"u":"10,45 €/KG","img":"https://fd8-photos.leclercdrive.fr/image.ashx?id=2774571&use=l&cat=p&typeid=i","cat":284379},{"id":13434,"n":"Dessert Empresure Malo Chocolat - 4x125g","p":2.09,"u":"4,18 €/KG","img":"https://fd8-photos.leclercdrive.fr/image.ashx?id=2842684&use=l&cat=p&typeid=i","cat":285041},{"id":13440,"n":"Purée de fruit NATURNES Fruits du verger 6M+ - 4x130g","p":1.99,"u":"3,83 €/KG","img":"https://fd8-photos.leclercdrive.fr/image.ashx?id=2478387&use=l&cat=p&typeid=i","cat":312388},{"id":13446,"n":"La Poêlée Celtique  Paysan Breton - 1kg","p":2.48,"u":"2,48 €/KG","img":"https://fd8-photos.leclercdrive.fr/image.ashx?id=2882394&use=l&cat=p&typeid=i","cat":319823},{"id":13503,"n":"Biscottes bio Bio Village Au germe de blé x36 - 300g","p":1.99,"u":"6,63 €/KG","img":"https://fd8-photos.leclercdrive.fr/image.ashx?id=2634881&use=l&cat=p&typeid=i","cat":284479},{"id":13532,"n":"Purée pomme de terre Pom'lisse Saveur d'antan - 4x125g - 500g","p":2.49,"u":"4,98 €/KG","img":"https://fd8-photos.leclercdrive.fr/image.ashx?id=2929867&use=l&cat=p&typeid=i","cat":284431},{"id":13559,"n":"Thé breakfast Britley 50 sachets - 100g","p":1.22,"u":"12,20 €/KG","img":"https://fd8-photos.leclercdrive.fr/image.ashx?id=2854225&use=l&cat=p&typeid=i","cat":293233},{"id":13583,"n":"Fromage L'Ortolan Léger Fromagerie Milleret -  250g","p":3.15,"u":"12,60 €/KG","img":"https://fd8-photos.leclercdrive.fr/image.ashx?id=2450916&use=l&cat=p&typeid=i","cat":314036},{"id":13585,"n":"Fleur de sel de l'Ile de Ré NRT 125g","p":2.49,"u":"19,92 €/KG","img":"https://fd8-photos.leclercdrive.fr/image.ashx?id=2644915&use=l&cat=p&typeid=i","cat":284457},{"id":13589,"n":"Fromage Brillat Savarin NRT  IGP - 200g","p":3.39,"u":"16,95 €/KG","img":"https://fd8-photos.leclercdrive.fr/image.ashx?id=2771064&use=l&cat=p&typeid=i","cat":329558},{"id":13604,"n":"Poissons panés au fromage Pêche Océan MSC - 180g","p":1.89,"u":"10,50 €/KG","img":"https://fd8-photos.leclercdrive.fr/image.ashx?id=2953608&use=l&cat=p&typeid=i","cat":284344},{"id":13637,"n":"Aiguillette poulet Le Gaulois Blanc - 210g","p":3.99,"u":"19,00 €/KG","img":"https://fd8-photos.leclercdrive.fr/image.ashx?id=2239564&use=l&cat=p&typeid=i","cat":284336},{"id":13643,"n":"Biscuits nappés Bio Village Bio Chocolat au lait 200g","p":2.43,"u":"12,15 €/KG","img":"https://fd8-photos.leclercdrive.fr/image.ashx?id=1937516&use=l&cat=p&typeid=i","cat":284488},{"id":13646,"n":"Rochers Equador Chocolat noir x7 245g","p":2.49,"u":"10,16 €/KG","img":"https://fd8-photos.leclercdrive.fr/image.ashx?id=2842483&use=l&cat=p&typeid=i","cat":327600},{"id":13647,"n":"Rochers Equador Chocolat au lait x7 - 245g","p":2.45,"u":"10,00 €/KG","img":"https://fd8-photos.leclercdrive.fr/image.ashx?id=2469917&use=l&cat=p&typeid=i","cat":327600},{"id":13648,"n":"Biscuit Croc Break P'tit Déli Lait et goût chocolat - 300g","p":1.24,"u":"4,13 €/KG","img":"https://fd8-photos.leclercdrive.fr/image.ashx?id=719346&use=l&cat=p&typeid=i","cat":284488},{"id":13649,"n":"Pansement Primoplast Cicatrisant hydrocolloïde x8","p":5.95,"img":"https://fd8-photos.leclercdrive.fr/image.ashx?id=2856480&use=l&cat=p&typeid=i","cat":284630},{"id":13650,"n":"Gel à l'arnica Primoplast 50g","p":1.62,"u":"32,40 €/KG","img":"https://fd8-photos.leclercdrive.fr/image.ashx?id=2856477&use=l&cat=p&typeid=i","cat":284630},{"id":13663,"n":"Mini-crêpes fourrées Tokapi  Comté - 65g","p":1.96,"u":"30,15 €/KG","img":"https://fd8-photos.leclercdrive.fr/image.ashx?id=2853892&use=l&cat=p&typeid=i","cat":297000},{"id":13678,"n":"Croûtons salade Epi d'Or Ail et fines herbes - 60g","p":0.6,"u":"10,00 €/KG","img":"https://fd8-photos.leclercdrive.fr/image.ashx?id=2606040&use=l&cat=p&typeid=i","cat":284464},{"id":13679,"n":"Croûtons salade Epi d'Or Nature - 60g","p":0.6,"u":"10,00 €/KG","img":"https://fd8-photos.leclercdrive.fr/image.ashx?id=2607909&use=l&cat=p&typeid=i","cat":284464},{"id":13681,"n":"Pâté pur porc Côtés Table 2 Foie 1 campagne - 3x78g","p":1.9,"u":"8,12 €/KG","img":"https://fd8-photos.leclercdrive.fr/image.ashx?id=2518505&use=l&cat=p&typeid=i","cat":305149},{"id":13682,"n":"Pâté de campagne Côté Table Pur porc - 3x78g","p":1.85,"u":"7,91 €/KG","img":"https://fd8-photos.leclercdrive.fr/image.ashx?id=2478763&use=l&cat=p&typeid=i","cat":305149},{"id":13683,"n":"Pâté de foie Côté Table Pur porc - 3x78g","p":1.99,"u":"8,50 €/KG","img":"https://fd8-photos.leclercdrive.fr/image.ashx?id=2518502&use=l&cat=p&typeid=i","cat":305149},{"id":13684,"n":"Bouillon de légumes Rustica Cubes - 12x10g","p":0.67,"u":"5,58 €/KG","img":"https://fd8-photos.leclercdrive.fr/image.ashx?id=1753198&use=l&cat=p&typeid=i","cat":288379},{"id":13685,"n":"Bouillon de volaille Rustica Cubes - 12x10g","p":0.8,"u":"6,67 €/KG","img":"https://fd8-photos.leclercdrive.fr/image.ashx?id=1880027&use=l&cat=p&typeid=i","cat":288379},{"id":13686,"n":"Bouillon Pot au feu Rustica Cubes - 12x10g","p":1.39,"u":"11,58 €/KG","img":"https://fd8-photos.leclercdrive.fr/image.ashx?id=1880024&use=l&cat=p&typeid=i","cat":288379},{"id":13689,"n":"Pop corn caramélisé Tokapi 100g","p":0.71,"u":"7,10 €/KG","img":"https://fd8-photos.leclercdrive.fr/image.ashx?id=2920175&use=l&cat=p&typeid=i","cat":304249},{"id":13694,"n":"Riz long Comptoir du Grain 500g","p":1.47,"u":"2,94 €/KG","img":"https://fd8-photos.leclercdrive.fr/image.ashx?id=2886534&use=l&cat=p&typeid=i","cat":284428},{"id":13696,"n":"Soufflés Snack's Tokapi Cacahuète - 90g","p":0.47,"u":"5,22 €/KG","img":"https://fd8-photos.leclercdrive.fr/image.ashx?id=2677026&use=l&cat=p&typeid=i","cat":284449},{"id":13698,"n":"Légumes couscous Notre Jardin 400g","p":1.43,"u":"3,58 €/KG","img":"https://fd8-photos.leclercdrive.fr/image.ashx?id=2854216&use=l&cat=p&typeid=i","cat":312612},{"id":13699,"n":"Gaufrettes fourrées Tokapi Gouda et noix - 75g","p":1.29,"u":"17,20 €/KG","img":"https://fd8-photos.leclercdrive.fr/image.ashx?id=2063329&use=l&cat=p&typeid=i","cat":297000},{"id":13700,"n":"Gaufrettes fourrées Tokapi Fromage - 75g","p":0.95,"u":"12,67 €/KG","img":"https://fd8-photos.leclercdrive.fr/image.ashx?id=2067929&use=l&cat=p&typeid=i","cat":297000},{"id":13701,"n":"Riz Thaï Comptoir du Grain Sélection Riz long - 500g","p":1.79,"u":"3,58 €/KG","img":"https://fd8-photos.leclercdrive.fr/image.ashx?id=2565610&use=l&cat=p&typeid=i","cat":284428},{"id":13703,"n":"Petits pois Notre Jardin A l'étuvée - Très fins - 560g","p":1.29,"u":"2,30 €/KG","img":"https://fd8-photos.leclercdrive.fr/image.ashx?id=2691018&use=l&cat=p&typeid=i","cat":312607},{"id":13711,"n":"Croquettes chat Ultima Stérilisé - Poulet - 1.5kg","p":6.99,"u":"4,66 €/KG","img":"https://fd8-photos.leclercdrive.fr/image.ashx?id=2886385&use=l&cat=p&typeid=i","cat":284680},{"id":13715,"n":"Croquettes chat Purina One Stérilisé - Boeuf/Blé-1.5kg","p":7.04,"u":"4,69 €/KG","img":"https://fd8-photos.leclercdrive.fr/image.ashx?id=2488040&use=l&cat=p&typeid=i","cat":284680},{"id":13719,"n":"Croquettes chat Purina One Adulte - Poulet/Céréales -1.5kg","p":7.02,"u":"4,68 €/KG","img":"https://fd8-photos.leclercdrive.fr/image.ashx?id=2537682&use=l&cat=p&typeid=i","cat":284680},{"id":13722,"n":"Croquettes chat Ultima Stérilisé - Saumon - 1.5kg","p":6.99,"u":"4,66 €/KG","img":"https://fd8-photos.leclercdrive.fr/image.ashx?id=2921897&use=l&cat=p&typeid=i","cat":284680},{"id":13731,"n":"Barquettes chats Gourmet Gold Les mousselines - 12x85g","p":5.85,"u":"5,74 €/KG","img":"https://fd8-photos.leclercdrive.fr/image.ashx?id=2967046&use=l&cat=p&typeid=i","cat":285286},{"id":13733,"n":"Barquettes chats Gourmet Gold Les terrines - 12x85g","p":5.99,"u":"5,87 €/KG","img":"https://fd8-photos.leclercdrive.fr/image.ashx?id=2979069&use=l&cat=p&typeid=i","cat":285286},{"id":13742,"n":"Tablette chocolat Côte d'Or Truffé noir - 190g","p":3.89,"u":"20,47 €/KG","img":"https://fd8-photos.leclercdrive.fr/image.ashx?id=2938932&use=l&cat=p&typeid=i","cat":284956},{"id":13770,"n":"Croissants surgelés Epi d'Or Cuisson four - 6x60g","p":2.58,"u":"7,17 €/KG","img":"https://fd8-photos.leclercdrive.fr/image.ashx?id=2900088&use=l&cat=p&typeid=i","cat":284267},{"id":13776,"n":"Mouchoirs blancs 3 plis Caresse Boîte - x110","p":1.35,"u":"0,01 €/P","img":"https://fd8-photos.leclercdrive.fr/image.ashx?id=2858784&use=l&cat=p&typeid=i","cat":284638},{"id":13777,"n":"Lingettes bébé Eco+ Epaisses - x72","p":0.72,"u":"0,01 €/P","img":"https://fd8-photos.leclercdrive.fr/image.ashx?id=2874672&use=l&cat=p&typeid=i","cat":284738},{"id":13782,"n":"Déodorant Manava anti-traces 200ml","p":1.29,"u":"6,45 €/L","img":"https://fd8-photos.leclercdrive.fr/image.ashx?id=2692952&use=l&cat=p&typeid=i","cat":284595},{"id":13784,"n":"Gel douche et shampooing Carré Homme Energisante - 250ml","p":1.15,"u":"4,60 €/L","img":"https://fd8-photos.leclercdrive.fr/image.ashx?id=2927845&use=l&cat=p&typeid=i","cat":284619},{"id":13785,"n":"Shampooing Vitanove Réparateur - 250ml","p":1.45,"u":"5,80 €/L","img":"https://fd8-photos.leclercdrive.fr/image.ashx?id=1879257&use=l&cat=p&typeid=i","cat":284606},{"id":13786,"n":"Shampooing Vitanove Equilibrant - 250ml","p":1.79,"u":"7,16 €/L","img":"https://fd8-photos.leclercdrive.fr/image.ashx?id=1913165&use=l&cat=p&typeid=i","cat":284606},{"id":13787,"n":"Shampooing Vitanove Extra Color - 250ml","p":1.56,"u":"6,24 €/L","img":"https://fd8-photos.leclercdrive.fr/image.ashx?id=1889779&use=l&cat=p&typeid=i","cat":284606},{"id":13788,"n":"Après-shampooing Vitanove Extra color - 200ml","p":1.38,"u":"6,90 €/L","img":"https://fd8-photos.leclercdrive.fr/image.ashx?id=2618302&use=l&cat=p&typeid=i","cat":284607},{"id":13789,"n":"Shampooing Vitanove Lissant - 250ml","p":1.79,"u":"7,16 €/L","img":"https://fd8-photos.leclercdrive.fr/image.ashx?id=1907456&use=l&cat=p&typeid=i","cat":284606},{"id":13790,"n":"Après-shampooing Vitanove Lissant - 200ml","p":1.49,"u":"7,45 €/L","img":"https://fd8-photos.leclercdrive.fr/image.ashx?id=2618314&use=l&cat=p&typeid=i","cat":284607},{"id":13819,"n":"Laque cheveux L'Oréal Paris Elnett Fixation Normale - 400ml","p":8.83,"u":"22,08 €/L","img":"https://fd8-photos.leclercdrive.fr/image.ashx?id=2386497&use=l&cat=p&typeid=i","cat":284609},{"id":13975,"n":"Salade Notre Jardin Mâche - 200g","p":1.52,"u":"7,60 €/KG","img":"https://fd8-photos.leclercdrive.fr/image.ashx?id=2662583&use=l&cat=p&typeid=i","cat":284353},{"id":13977,"n":"Salade Notre Jardin Coeurs de laitue - 320g","p":1.58,"u":"4,94 €/KG","img":"https://fd8-photos.leclercdrive.fr/image.ashx?id=2720142&use=l&cat=p&typeid=i","cat":284353},{"id":13978,"n":"Salade composée Notre Jardin 250g","p":1.21,"u":"4,84 €/KG","img":"https://fd8-photos.leclercdrive.fr/image.ashx?id=2663266&use=l&cat=p&typeid=i","cat":284353},{"id":13992,"n":"Recharge savon mains Manava Gel lavande - 250ml","p":0.69,"u":"2,76 €/L","img":"https://fd8-photos.leclercdrive.fr/image.ashx?id=2935477&use=l&cat=p&typeid=i","cat":284597},{"id":13998,"n":"Pâte feuilletée Eco+ A dérouler - 230g","p":0.53,"u":"2,30 €/KG","img":"https://fd8-photos.leclercdrive.fr/image.ashx?id=2794178&use=l&cat=p&typeid=i","cat":333681},{"id":14006,"n":"Jambon de Vendée IGP NRT 2x90g","p":3.95,"u":"21,94 €/KG","img":"https://fd8-photos.leclercdrive.fr/image.ashx?id=2991482&use=l&cat=p&typeid=i","cat":316007},{"id":14007,"n":"Jambon de Bayonne IGP NRT 4 Grandes Tranches - 120g","p":3.63,"u":"30,25 €/KG","img":"https://fd8-photos.leclercdrive.fr/image.ashx?id=2670428&use=l&cat=p&typeid=i","cat":316007},{"id":14023,"n":"Rasoir Carré Homme 3 lames - x1","p":3.99,"img":"https://fd8-photos.leclercdrive.fr/image.ashx?id=2704621&use=l&cat=p&typeid=i","cat":284616},{"id":14027,"n":"Lingettes Hygiène intime Doulys x20","p":1.8,"img":"https://fd8-photos.leclercdrive.fr/image.ashx?id=1760077&use=l&cat=p&typeid=i","cat":284627},{"id":14029,"n":"Fromage Neufchâtel AOP  Nos Régions ont du Talent 200g","p":2.67,"u":"13,35 €/KG","img":"https://fd8-photos.leclercdrive.fr/image.ashx?id=2071227&use=l&cat=p&typeid=i","cat":329558},{"id":14031,"n":"Crème Décolorante Siliss Visage et Corps - 2x50ml","p":2.79,"u":"27,90 €/L","img":"https://fd8-photos.leclercdrive.fr/image.ashx?id=2743783&use=l&cat=p&typeid=i","cat":325351},{"id":14033,"n":"Crochets anti-mites Insectivor Cèdre 2x3ml","p":1.99,"u":"331,67 €/L","img":"https://fd8-photos.leclercdrive.fr/image.ashx?id=2849575&use=l&cat=p&typeid=i","cat":298368},{"id":14038,"n":"Cassoulet au confit canard NRT - 420g","p":2.75,"u":"6,55 €/KG","img":"https://fd8-photos.leclercdrive.fr/image.ashx?id=2791413&use=l&cat=p&typeid=i","cat":284440},{"id":14046,"n":"Calvados pays d'auge NRT  40%vol. - 70cl","p":22.99,"u":"32,84 €/L","img":"https://fd8-photos.leclercdrive.fr/image.ashx?id=1647892&use=l&cat=p&typeid=i","cat":286032},{"id":14050,"n":"Rhum blanc Réunion 49%vol NRT 1L","p":14.62,"u":"14,62 €/L","img":"https://fd8-photos.leclercdrive.fr/image.ashx?id=1208791&use=l&cat=p&typeid=i","cat":284550},{"id":14051,"n":"Confiture extra bio Bio Village Myrtilles - 370g","p":2.29,"u":"6,19 €/KG","img":"https://fd8-photos.leclercdrive.fr/image.ashx?id=2965620&use=l&cat=p&typeid=i","cat":284480},{"id":14056,"n":"Confiture extra prunes NRT Du Lot-et-Garonne - 315g","p":2.67,"u":"8,48 €/KG","img":"https://fd8-photos.leclercdrive.fr/image.ashx?id=2699798&use=l&cat=p&typeid=i","cat":284480},{"id":14060,"n":"Confiture de coings NRT 315g","p":3.61,"u":"11,46 €/KG","img":"https://fd8-photos.leclercdrive.fr/image.ashx?id=2494154&use=l&cat=p&typeid=i","cat":284480},{"id":14061,"n":"Confiture poires williams NRT De la Valée du Rhône - 315g","p":2.83,"u":"8,98 €/KG","img":"https://fd8-photos.leclercdrive.fr/image.ashx?id=2699792&use=l&cat=p&typeid=i","cat":284480},{"id":14062,"n":"Préparation framboises NRT Du Massif Central - 315g","p":4.02,"u":"12,76 €/KG","img":"https://fd8-photos.leclercdrive.fr/image.ashx?id=2518526&use=l&cat=p&typeid=i","cat":284480},{"id":14063,"n":"Préparation NRT Agrumes de Corse - 315g","p":2.82,"u":"8,95 €/KG","img":"https://fd8-photos.leclercdrive.fr/image.ashx?id=779352&use=l&cat=p&typeid=i","cat":284480},{"id":14064,"n":"Préparation NRT Abricots d'Occitanie - 315g","p":2.87,"u":"9,11 €/KG","img":"https://fd8-photos.leclercdrive.fr/image.ashx?id=2590466&use=l&cat=p&typeid=i","cat":284480},{"id":14066,"n":"Crème anchoïade NRT à la provençale - 90g","p":2.09,"u":"23,22 €/KG","img":"https://fd8-photos.leclercdrive.fr/image.ashx?id=2991166&use=l&cat=p&typeid=i","cat":285191},{"id":14068,"n":"Miel Nid d'Abeille A tartiner - 500 g","p":3.19,"u":"6,38 €/KG","img":"https://fd8-photos.leclercdrive.fr/image.ashx?id=2693120&use=l&cat=p&typeid=i","cat":287643},{"id":14075,"n":"Lait de coco Tables du monde 400ml","p":1.52,"u":"3,80 €/L","img":"https://fd8-photos.leclercdrive.fr/image.ashx?id=1960758&use=l&cat=p&typeid=i","cat":288992},{"id":14080,"n":"Chair de tomate Notre Jardin Basilic - 400g","p":2.9,"u":"7,25 €/KG","img":"https://fd8-photos.leclercdrive.fr/image.ashx?id=2603692&use=l&cat=p&typeid=i","cat":312608},{"id":14081,"n":"Ratatouille Bio Village Bio A la provençale - 650g","p":2.35,"u":"3,62 €/KG","img":"https://fd8-photos.leclercdrive.fr/image.ashx?id=2762513&use=l&cat=p&typeid=i","cat":312612},{"id":14082,"n":"Miel de fleurs bio Bio Village 500g","p":4.99,"u":"9,98 €/KG","img":"https://fd8-photos.leclercdrive.fr/image.ashx?id=751557&use=l&cat=p&typeid=i","cat":287643},{"id":14084,"n":"Confiture bio Bio Village Oranges - 370g","p":2.25,"u":"6,08 €/KG","img":"https://fd8-photos.leclercdrive.fr/image.ashx?id=2965623&use=l&cat=p&typeid=i","cat":284480},{"id":14087,"n":"Quenelles de veau Coté Table Sauce financière 400g","p":1.85,"u":"4,63 €/KG","img":"https://fd8-photos.leclercdrive.fr/image.ashx?id=2977864&use=l&cat=p&typeid=i","cat":284441},{"id":14088,"n":"Garnit bouchée reine Coté Table 400g","p":1.79,"u":"4,48 €/KG","img":"https://fd8-photos.leclercdrive.fr/image.ashx?id=2977150&use=l&cat=p&typeid=i","cat":284441},{"id":14090,"n":"Aïoli de méditerranée NRT 90g","p":1.95,"u":"21,67 €/KG","img":"https://fd8-photos.leclercdrive.fr/image.ashx?id=2834329&use=l&cat=p&typeid=i","cat":284382},{"id":14091,"n":"Miel d'Acacia Nid d'abeille 375g","p":4.33,"u":"11,55 €/KG","img":"https://fd8-photos.leclercdrive.fr/image.ashx?id=2635901&use=l&cat=p&typeid=i","cat":287643},{"id":14093,"n":"Olives de Picholines NRT Vertes - 200g","p":3.52,"u":"17,60 €/KG","img":"https://fd8-photos.leclercdrive.fr/image.ashx?id=2704891&use=l&cat=p&typeid=i","cat":284458},{"id":14094,"n":"Confiture pêches de vigne NRT De la Valée du Rhône - 315g","p":3.03,"u":"9,62 €/KG","img":"https://fd8-photos.leclercdrive.fr/image.ashx?id=2657286&use=l&cat=p&typeid=i","cat":284480},{"id":14099,"n":"Spray nettoyant Eco+ avec Javel 750ml","p":0.87,"u":"1,16 €/L","img":"https://fd8-photos.leclercdrive.fr/image.ashx?id=2837003&use=l&cat=p&typeid=i","cat":325357},{"id":14104,"n":"Gâteau breton fourré NRT Pruneaux - 400g","p":4.49,"u":"11,23 €/KG","img":"https://fd8-photos.leclercdrive.fr/image.ashx?id=2622305&use=l&cat=p&typeid=i","cat":293600},{"id":14107,"n":"Tielles sétoises NRT x2 - 220g","p":2.93,"u":"13,32 €/KG","img":"https://fd8-photos.leclercdrive.fr/image.ashx?id=2663830&use=l&cat=p&typeid=i","cat":285340},{"id":14111,"n":"Houmous Tables du Monde 200g","p":1.43,"u":"7,15 €/KG","img":"https://fd8-photos.leclercdrive.fr/image.ashx?id=2872258&use=l&cat=p&typeid=i","cat":315999},{"id":14113,"n":"Rasoirs jetables Siliss 2 lames - x10","p":1.19,"u":"0,12 €/P","img":"https://fd8-photos.leclercdrive.fr/image.ashx?id=2873546&use=l&cat=p&typeid=i","cat":325352},{"id":14114,"n":"Brosse à dents Dentamyl Médium x4","p":0.99,"u":"0,25 €/P","img":"https://fd8-photos.leclercdrive.fr/image.ashx?id=2790922&use=l&cat=p&typeid=i","cat":284614},{"id":14122,"n":"Bâtonnets crâbe Eco+ x24 - 400g","p":1.25,"u":"3,13 €/KG","img":"https://fd8-photos.leclercdrive.fr/image.ashx?id=2865239&use=l&cat=p&typeid=i","cat":285189},{"id":14131,"n":"Désodorisant Visior Lave-vaisselle Citron - x2","p":1.29,"u":"0,65 €/P","img":"https://fd8-photos.leclercdrive.fr/image.ashx?id=2951119&use=l&cat=p&typeid=i","cat":284657},{"id":14132,"n":"Bloc wc javel Syphon 2x40g","p":1.46,"u":"18,25 €/KG","img":"https://fd8-photos.leclercdrive.fr/image.ashx?id=2302540&use=l&cat=p&typeid=i","cat":284662},{"id":14135,"n":"Brosse à dents Eco+ Médium x2","p":0.23,"u":"0,12 €/P","img":"https://fd8-photos.leclercdrive.fr/image.ashx?id=2783783&use=l&cat=p&typeid=i","cat":284614},{"id":14140,"n":"Savon extra-doux Manava Douceur d'amande 6x100g","p":3.16,"u":"5,27 €/KG","img":"https://fd8-photos.leclercdrive.fr/image.ashx?id=2331312&use=l&cat=p&typeid=i","cat":284597},{"id":14143,"n":"Diffuseur électrique Insectivor Anti-moustiques + recharge 35ml","p":4.65,"img":"https://fd8-photos.leclercdrive.fr/image.ashx?id=2717102&use=l&cat=p&typeid=i","cat":298368},{"id":14144,"n":"Lingettes bébé Mots d'Enfants Débarbouillantes - x40","p":1.47,"u":"0,04 €/P","img":"https://fd8-photos.leclercdrive.fr/image.ashx?id=2856471&use=l&cat=p&typeid=i","cat":284738},{"id":14145,"n":"Nems porc Eco+ Avec sauce 310g","p":1.73,"u":"5,58 €/KG","img":"https://fd8-photos.leclercdrive.fr/image.ashx?id=1626679&use=l&cat=p&typeid=i","cat":333673},{"id":14154,"n":"Bonbons gélifiés Eco+ Frites - 200g","p":1.11,"u":"5,55 €/KG","img":"https://fd8-photos.leclercdrive.fr/image.ashx?id=2774066&use=l&cat=p&typeid=i","cat":304250},{"id":14155,"n":"Gnocchi Turini à poêler 300g","p":0.89,"u":"2,97 €/KG","img":"https://fd8-photos.leclercdrive.fr/image.ashx?id=2606810&use=l&cat=p&typeid=i","cat":333682},{"id":14158,"n":"Fromage Mystère du Prieuré Lait pasteurisé - 340g","p":2.65,"u":"7,79 €/KG","img":"https://fd8-photos.leclercdrive.fr/image.ashx?id=2900085&use=l&cat=p&typeid=i","cat":329184},{"id":14163,"n":"Crème nettoyante Clair 3en1 - Fraicheur - 750ml","p":1.28,"u":"1,71 €/L","img":"https://fd8-photos.leclercdrive.fr/image.ashx?id=2946157&use=l&cat=p&typeid=i","cat":325357},{"id":14164,"n":"Roquefort AOP Eco+ Lait cru brebis 150g","p":2.16,"u":"14,40 €/KG","img":"https://fd8-photos.leclercdrive.fr/image.ashx?id=2966629&use=l&cat=p&typeid=i","cat":314032},{"id":14165,"n":"Crème de soin cheveux Vitanove Boucles sans rinçage 200ml","p":1.29,"u":"6,45 €/L","img":"https://fd8-photos.leclercdrive.fr/image.ashx?id=1947997&use=l&cat=p&typeid=i","cat":284608},{"id":14167,"n":"Brosse à dents Dentamyl Extra souple x1","p":0.85,"img":"https://fd8-photos.leclercdrive.fr/image.ashx?id=2790925&use=l&cat=p&typeid=i","cat":284614},{"id":14168,"n":"Dentifrice Dentamyl Protection gencives 75ml","p":0.92,"u":"12,27 €/L","img":"https://fd8-photos.leclercdrive.fr/image.ashx?id=2489092&use=l&cat=p&typeid=i","cat":284612},{"id":14170,"n":"Nettoyant lave-vaisselle Visior 250ml","p":2.65,"u":"10,60 €/L","img":"https://fd8-photos.leclercdrive.fr/image.ashx?id=776479&use=l&cat=p&typeid=i","cat":284657},{"id":14182,"n":"Déodorant stick Carré Homme Marine - 50ml","p":2.18,"u":"43,60 €/L","img":"https://fd8-photos.leclercdrive.fr/image.ashx?id=2481207&use=l&cat=p&typeid=i","cat":284618},{"id":14183,"n":"Lame de rasoir Siliss 3 lames - x4","p":3.58,"img":"https://fd8-photos.leclercdrive.fr/image.ashx?id=2699414&use=l&cat=p&typeid=i","cat":325352},{"id":14187,"n":"Masque réparateur Vitanove Secs abîmés cassants 300ml","p":2.64,"u":"8,80 €/L","img":"https://fd8-photos.leclercdrive.fr/image.ashx?id=2856275&use=l&cat=p&typeid=i","cat":284608},{"id":14190,"n":"Savon mains en crème Manava nourrissante à l'amande - 300ml","p":0.9,"u":"3,00 €/L","img":"https://fd8-photos.leclercdrive.fr/image.ashx?id=2935471&use=l&cat=p&typeid=i","cat":284597},{"id":14196,"n":"Après-shampooing Vitanove Réparateur - 200ml","p":1.43,"u":"7,15 €/L","img":"https://fd8-photos.leclercdrive.fr/image.ashx?id=2618311&use=l&cat=p&typeid=i","cat":284607},{"id":14201,"n":"Filets de Morue Ronde des Mers Prêt à cuisiner 400g","p":7.99,"u":"19,98 €/KG","img":"https://fd8-photos.leclercdrive.fr/image.ashx?id=2694221&use=l&cat=p&typeid=i","cat":284342},{"id":14211,"n":"Lotion après-rasage Carré Homme Boisée tonifiant 100ml","p":2.61,"u":"26,10 €/L","img":"https://fd8-photos.leclercdrive.fr/image.ashx?id=2854222&use=l&cat=p&typeid=i","cat":288147},{"id":14212,"n":"Lotion après-rasage Carré Homme Marine tonifiant 100ml","p":2.61,"u":"26,10 €/L","img":"https://fd8-photos.leclercdrive.fr/image.ashx?id=2854219&use=l&cat=p&typeid=i","cat":288147},{"id":14217,"n":"Crème pieds Primoplast Nutri-réparatrice - 75ml","p":1.49,"u":"19,87 €/L","img":"https://fd8-photos.leclercdrive.fr/image.ashx?id=2832930&use=l&cat=p&typeid=i","cat":325354},{"id":14218,"n":"Dentifrice enfant Dentamyl Bubble gum - 3 à 6 ans - 50ml","p":0.89,"u":"17,80 €/L","img":"https://fd8-photos.leclercdrive.fr/image.ashx?id=2075185&use=l&cat=p&typeid=i","cat":288898},{"id":14219,"n":"Dentifrice enfant Dentamyl Menthe - 7 à 13 ans - 75ml","p":0.74,"u":"9,87 €/L","img":"https://fd8-photos.leclercdrive.fr/image.ashx?id=2489113&use=l&cat=p&typeid=i","cat":288898},{"id":14220,"n":"Shampooing Vitanove Volumateur - 250ml","p":1.79,"u":"7,16 €/L","img":"https://fd8-photos.leclercdrive.fr/image.ashx?id=2946829&use=l&cat=p&typeid=i","cat":284606},{"id":14222,"n":"Lait de toilette Mots d'Enfants Bébé peaux délicates - 250ml","p":1.95,"u":"7,80 €/L","img":"https://fd8-photos.leclercdrive.fr/image.ashx?id=3015024&use=l&cat=p&typeid=i","cat":284741},{"id":14223,"n":"Dépoussiérant meubles Clair Multi-surfaces 300ml","p":1.03,"u":"3,43 €/L","img":"https://fd8-photos.leclercdrive.fr/image.ashx?id=2856681&use=l&cat=p&typeid=i","cat":325364},{"id":14224,"n":"Gel wc Syphon surpuissant 750ml","p":1.07,"u":"1,43 €/L","img":"https://fd8-photos.leclercdrive.fr/image.ashx?id=2558790&use=l&cat=p&typeid=i","cat":284662},{"id":14235,"n":"Change complet Chorys Taille M - x20","p":9.94,"u":"0,50 €/P","img":"https://fd8-photos.leclercdrive.fr/image.ashx?id=2905219&use=l&cat=p&typeid=i","cat":284628},{"id":14236,"n":"Jambon cru Eco+ 8 tranches - 150g","p":1.77,"u":"11,80 €/KG","img":"https://fd8-photos.leclercdrive.fr/image.ashx?id=2917638&use=l&cat=p&typeid=i","cat":316007},{"id":14243,"n":"Pain de mie nature Epi d'Or Grandes tranches - 825g","p":1.59,"u":"1,93 €/KG","img":"https://fd8-photos.leclercdrive.fr/image.ashx?id=2860724&use=l&cat=p&typeid=i","cat":284477},{"id":14259,"n":"Ravioles de la Drôme NRT Basilic - 240g","p":3.39,"u":"14,13 €/KG","img":"https://fd8-photos.leclercdrive.fr/image.ashx?id=1671268&use=l&cat=p&typeid=i","cat":333682},{"id":14260,"n":"Crottin Chavignol NRT AOP  Fromage de chèvre - 2x60g","p":3.75,"u":"31,25 €/KG","img":"https://fd8-photos.leclercdrive.fr/image.ashx?id=2519432&use=l&cat=p&typeid=i","cat":314031},{"id":14262,"n":"Cognac v.s.o.p 40%vol. NRT 50cl","p":21.34,"u":"42,68 €/L","img":"https://fd8-photos.leclercdrive.fr/image.ashx?id=1646501&use=l&cat=p&typeid=i","cat":286032},{"id":14270,"n":"Cidre Pays d'Auge NRT AOP  4.5%vol - 75cl","p":3.89,"u":"5,19 €/L","img":"https://fd8-photos.leclercdrive.fr/image.ashx?id=2791081&use=l&cat=p&typeid=i","cat":334880},{"id":14271,"n":"Crème de marrons NRT De l'Ardèche - 325g","p":3.03,"u":"9,32 €/KG","img":"https://fd8-photos.leclercdrive.fr/image.ashx?id=1173619&use=l&cat=p&typeid=i","cat":284481},{"id":14272,"n":"Calissons NRT D'Aix-en-provence - 250g","p":5.99,"u":"23,96 €/KG","img":"https://fd8-photos.leclercdrive.fr/image.ashx?id=2771031&use=l&cat=p&typeid=i","cat":284499},{"id":14273,"n":"Fromage Pont-l'Evêque AOP  Nos Régions ont du Talent 220g","p":2.65,"u":"12,05 €/KG","img":"https://fd8-photos.leclercdrive.fr/image.ashx?id=2356344&use=l&cat=p&typeid=i","cat":329558},{"id":14280,"n":"Bûche Sainte Maure Touraine NRT AOP - Fromage de chèvre - 250g","p":5.07,"u":"20,28 €/KG","img":"https://fd8-photos.leclercdrive.fr/image.ashx?id=2919673&use=l&cat=p&typeid=i","cat":314031},{"id":14282,"n":"Préparation citrons NRT De Corse -  315g","p":2.69,"u":"8,54 €/KG","img":"https://fd8-photos.leclercdrive.fr/image.ashx?id=2699810&use=l&cat=p&typeid=i","cat":284480},{"id":14283,"n":"Foie gras canard IGP Sud-Ouest NRT Entier- 180g","p":13.99,"u":"77,72 €/KG","img":"https://fd8-photos.leclercdrive.fr/image.ashx?id=2417225&use=l&cat=p&typeid=i","cat":305148},{"id":14285,"n":"Fromage Emmental Eco+ Râpé - 200g","p":1.5,"u":"7,50 €/KG","img":"https://fd8-photos.leclercdrive.fr/image.ashx?id=2615798&use=l&cat=p&typeid=i","cat":314035},{"id":14292,"n":"Eau aromatisée Volvic Zest  Citron - 1,5L","p":1.15,"u":"0,77 €/L","img":"https://fd8-photos.leclercdrive.fr/image.ashx?id=2730253&use=l&cat=p&typeid=i","cat":284537},{"id":14293,"n":"Eau aromatisée Volvic Zest Citron - 6x50cl","p":3.42,"u":"1,14 €/L","img":"https://fd8-photos.leclercdrive.fr/image.ashx?id=2730256&use=l&cat=p&typeid=i","cat":284537},{"id":14311,"n":"IGT Lambrusco vin italien Vilaveroni Secco rouge - 75cl","p":3.75,"u":"5,00 €/L","img":"https://fd8-photos.leclercdrive.fr/image.ashx?id=2333018&use=l&cat=p&typeid=i","cat":289556},{"id":14316,"n":"Lasagnes saumon Côté Table 1kg","p":7.26,"u":"7,26 €/KG","img":"https://fd8-photos.leclercdrive.fr/image.ashx?id=2790928&use=l&cat=p&typeid=i","cat":284254},{"id":14327,"n":"Poêlée Côté Table Franc-Comtoise - 900g","p":4.19,"u":"4,66 €/KG","img":"https://fd8-photos.leclercdrive.fr/image.ashx?id=2048440&use=l&cat=p&typeid=i","cat":319823},{"id":14329,"n":"Brandade de morue Côté Table MSC - 300g","p":2.72,"u":"9,07 €/KG","img":"https://fd8-photos.leclercdrive.fr/image.ashx?id=2779187&use=l&cat=p&typeid=i","cat":284254},{"id":14330,"n":"Poêlée de légumes Notre Jardin Légumes grillés - 750g","p":3.11,"u":"4,15 €/KG","img":"https://fd8-photos.leclercdrive.fr/image.ashx?id=2771369&use=l&cat=p&typeid=i","cat":319823},{"id":14334,"n":"Ratatouille Notre Jardin Cuisinée 750g","p":2.85,"u":"3,80 €/KG","img":"https://fd8-photos.leclercdrive.fr/image.ashx?id=2873129&use=l&cat=p&typeid=i","cat":319823},{"id":14336,"n":"Pavé saumon Pêche Océan ASC Atlantique -  500g","p":11.19,"u":"22,38 €/KG","img":"https://fd8-photos.leclercdrive.fr/image.ashx?id=2930114&use=l&cat=p&typeid=i","cat":319786},{"id":14344,"n":"Pain de mie Nature Harrys Longue conservation - 550g","p":2.09,"u":"3,80 €/KG","img":"https://fd8-photos.leclercdrive.fr/image.ashx?id=2518109&use=l&cat=p&typeid=i","cat":284477},{"id":14349,"n":"Biscuits Truffine Equador  Meringue crème cacao - 100g","p":2.97,"u":"29,70 €/KG","img":"https://fd8-photos.leclercdrive.fr/image.ashx?id=2597618&use=l&cat=p&typeid=i","cat":284490},{"id":14351,"n":"Bandes non tissées Siliss Recharges -  2x14","p":2.23,"u":"0,08 €/P","img":"https://fd8-photos.leclercdrive.fr/image.ashx?id=2699417&use=l&cat=p&typeid=i","cat":325351},{"id":14358,"n":"Spécialité au soja Nat & Vie Fruits rouges - 4x100g","p":1.29,"u":"3,23 €/KG","img":"https://fd8-photos.leclercdrive.fr/image.ashx?id=2901440&use=l&cat=p&typeid=i","cat":316071},{"id":14359,"n":"Change complet Chorys Taille L - x20","p":10.7,"u":"0,54 €/P","img":"https://fd8-photos.leclercdrive.fr/image.ashx?id=2699435&use=l&cat=p&typeid=i","cat":284628},{"id":14360,"n":"Yaourts à boire Délisse Petits Délis fruits - 8x100g","p":3.2,"u":"4,00 €/KG","img":"https://fd8-photos.leclercdrive.fr/image.ashx?id=2754886&use=l&cat=p&typeid=i","cat":284415},{"id":14371,"n":"Mousse à la crème Duodélisse Nature - 4x100g","p":1.49,"u":"3,73 €/KG","img":"https://fd8-photos.leclercdrive.fr/image.ashx?id=2387334&use=l&cat=p&typeid=i","cat":284409},{"id":14376,"n":"Dés de fromage Les Croisés Ail et fines herbes - 120g","p":1.54,"u":"12,83 €/KG","img":"https://fd8-photos.leclercdrive.fr/image.ashx?id=2741616&use=l&cat=p&typeid=i","cat":314027},{"id":14381,"n":"Palets bretons NRT 100g","p":1.83,"u":"18,30 €/KG","img":"https://fd8-photos.leclercdrive.fr/image.ashx?id=2622299&use=l&cat=p&typeid=i","cat":284487},{"id":14383,"n":"Blocs WC Syphon Activ' Effect  Lavande - x3","p":1.09,"u":"0,36 €/P","img":"https://fd8-photos.leclercdrive.fr/image.ashx?id=2320710&use=l&cat=p&typeid=i","cat":284662},{"id":14426,"n":"Whisky Lagavulin 16ans - 43%vol. - 70cl","p":85.7,"u":"122,43 €/L","img":"https://fd8-photos.leclercdrive.fr/image.ashx?id=1868167&use=l&cat=p&typeid=i","cat":284547},{"id":14427,"n":"Pastis Ricard Anisé 45% vol - 70cl","p":16.53,"u":"23,61 €/L","img":"https://fd8-photos.leclercdrive.fr/image.ashx?id=2976776&use=l&cat=p&typeid=i","cat":284548},{"id":14428,"n":"Whisky Clan Campbell Blended Scotch 40% vol - 1L","p":19.89,"u":"19,89 €/L","img":"https://fd8-photos.leclercdrive.fr/image.ashx?id=2868921&use=l&cat=p&typeid=i","cat":284547},{"id":14429,"n":"Eau de vie Auguste Mugniot Poire Williams - 40%vol. - 50cl","p":19.99,"u":"39,98 €/L","img":"https://fd8-photos.leclercdrive.fr/image.ashx?id=2448519&use=l&cat=p&typeid=i","cat":286032},{"id":14431,"n":"Rhum Lagoa 40%vol - 1L","p":13.59,"u":"13,59 €/L","img":"https://fd8-photos.leclercdrive.fr/image.ashx?id=2966481&use=l&cat=p&typeid=i","cat":284550},{"id":14434,"n":"Pastis de Marseille Vivalis 45%vol - 70cl","p":12.88,"u":"18,40 €/L","img":"https://fd8-photos.leclercdrive.fr/image.ashx?id=2590406&use=l&cat=p&typeid=i","cat":284548},{"id":14440,"n":"Bière blonde Desquiles Canette - 5.9%vol. - 50cl","p":1.35,"u":"2,70 €/L","img":"https://fd8-photos.leclercdrive.fr/image.ashx?id=2646991&use=l&cat=p&typeid=i","cat":334853},{"id":14442,"n":"Champagne brut blanc Pol Carson - 37,5cl","p":11.75,"u":"31,33 €/L","img":"https://fd8-photos.leclercdrive.fr/image.ashx?id=2909849&use=l&cat=p&typeid=i","cat":284542},{"id":14447,"n":"Sirop Frucci Thé Pêche - 75cl","p":3.2,"u":"4,27 €/L","img":"https://fd8-photos.leclercdrive.fr/image.ashx?id=764952&use=l&cat=p&typeid=i","cat":295020},{"id":14451,"n":"Sirop Frucci Menthe - 1L","p":2.46,"u":"2,46 €/L","img":"https://fd8-photos.leclercdrive.fr/image.ashx?id=2954067&use=l&cat=p&typeid=i","cat":295020},{"id":14458,"n":"Biscuits tablette Eco+ Chocolat au lait - 150g","p":0.98,"u":"6,53 €/KG","img":"https://fd8-photos.leclercdrive.fr/image.ashx?id=2682750&use=l&cat=p&typeid=i","cat":284488},{"id":14494,"n":"Coquilles Saint-Jacques Tipiak À la bretonne - 4x90g","p":6.39,"u":"17,75 €/KG","img":"https://fd8-photos.leclercdrive.fr/image.ashx?id=2559754&use=l&cat=p&typeid=i","cat":319775},{"id":14499,"n":"Miel de lavande Provence IGP Nos Régions ont du Talent 375g","p":6.29,"u":"16,77 €/KG","img":"https://fd8-photos.leclercdrive.fr/image.ashx?id=2771073&use=l&cat=p&typeid=i","cat":287643},{"id":14512,"n":"Sachets glaçons Elembal x15","p":0.8,"img":"https://fd8-photos.leclercdrive.fr/image.ashx?id=2671810&use=l&cat=p&typeid=i","cat":334134},{"id":14536,"n":"Escalope Fine Dinde LR x2  IGP Volailles du Maine  - 240g","p":6.25,"u":"26,04 €/KG","img":"https://fd8-photos.leclercdrive.fr/image.ashx?id=2250567&use=l&cat=p&typeid=i","cat":284337},{"id":14543,"n":"Serviettes papier Homeside Double épaisseur 33x33cm - x100","p":2.29,"img":"https://fd8-photos.leclercdrive.fr/image.ashx?id=1659678&use=l&cat=p&typeid=i","cat":334134},{"id":14544,"n":"Serviettes papier Homeside Triple épaisseur 40x40 x50","p":2.99,"u":"0,06 €/P","img":"https://fd8-photos.leclercdrive.fr/image.ashx?id=1659681&use=l&cat=p&typeid=i","cat":334134},{"id":14574,"n":"Serviette incontinence Chorys Normal - x12","p":1.99,"u":"0,17 €/P","img":"https://fd8-photos.leclercdrive.fr/image.ashx?id=2393848&use=l&cat=p&typeid=i","cat":284628},{"id":14575,"n":"Serviette incontinence Chorys Mini - x20","p":1.99,"u":"0,10 €/P","img":"https://fd8-photos.leclercdrive.fr/image.ashx?id=2448409&use=l&cat=p&typeid=i","cat":284628},{"id":14582,"n":"Bandes de cire froide Siliss Corps - Peaux sensibles - x40","p":2.21,"u":"0,06 €/P","img":"https://fd8-photos.leclercdrive.fr/image.ashx?id=2699426&use=l&cat=p&typeid=i","cat":325351},{"id":14625,"n":"Boisson énergétique Powerade Ice storm - 50cl","p":0.91,"u":"1,82 €/L","img":"https://fd8-photos.leclercdrive.fr/image.ashx?id=2970756&use=l&cat=p&typeid=i","cat":284533},{"id":14626,"n":"Boisson aux fruits Oasis Saveur Pêche Abricot - 2L","p":2.59,"u":"1,30 €/L","img":"https://fd8-photos.leclercdrive.fr/image.ashx?id=2688635&use=l&cat=p&typeid=i","cat":295018},{"id":14636,"n":"Soda Jean's Cola Zéro Canette - 6x33cl","p":1.98,"u":"1,00 €/L","img":"https://fd8-photos.leclercdrive.fr/image.ashx?id=2637886&use=l&cat=p&typeid=i","cat":284530},{"id":14637,"n":"Biscuits P'tit Déli ronds Chocolat noir 200g","p":1.34,"u":"6,70 €/KG","img":"https://fd8-photos.leclercdrive.fr/image.ashx?id=2884207&use=l&cat=p&typeid=i","cat":284488},{"id":14654,"n":"Soupe liquide Liebig  Potiron - Brique 1L","p":2.95,"u":"2,95 €/L","img":"https://fd8-photos.leclercdrive.fr/image.ashx?id=2785355&use=l&cat=p&typeid=i","cat":284462},{"id":14657,"n":"Eponges gratounette Spontex x2","p":1.59,"u":"0,80 €/P","img":"https://fd8-photos.leclercdrive.fr/image.ashx?id=2392292&use=l&cat=p&typeid=i","cat":284667},{"id":14661,"n":"Lingettes Hygiène Intime Usage Quotidien Intima Hamamélis x20","p":1.99,"u":"0,10 €/P","img":"https://fd8-photos.leclercdrive.fr/image.ashx?id=2886675&use=l&cat=p&typeid=i","cat":284627},{"id":14675,"n":"boisson végétale lait d'amande  bio bjorg intense - 1L","p":2.95,"u":"2,95 €/L","img":"https://fd8-photos.leclercdrive.fr/image.ashx?id=2970918&use=l&cat=p&typeid=i","cat":316067},{"id":14680,"n":"Céréales muesli vitaminé fruits bjorg bio 750g","p":3.86,"u":"5,15 €/KG","img":"https://fd8-photos.leclercdrive.fr/image.ashx?id=2906160&use=l&cat=p&typeid=i","cat":309512},{"id":14688,"n":"Biscuits Bjorg Fourrés Chocolat lait bio 225g","p":2.95,"u":"13,11 €/KG","img":"https://fd8-photos.leclercdrive.fr/image.ashx?id=2970927&use=l&cat=p&typeid=i","cat":284488},{"id":14691,"n":"Chocolat Alter Eco Noir Absolu Pérou 85% cacao bio - 100g","p":2.9,"u":"29,00 €/KG","img":"https://fd8-photos.leclercdrive.fr/image.ashx?id=2906535&use=l&cat=p&typeid=i","cat":284956},{"id":14701,"n":"Chocolat Pâtissier Alter Eco Bio - 200g","p":2.97,"u":"14,85 €/KG","img":"https://fd8-photos.leclercdrive.fr/image.ashx?id=2961089&use=l&cat=p&typeid=i","cat":285562},{"id":14713,"n":"Rasoirs jetables Bic Twin Lady x8","p":2.17,"u":"0,27 €/P","img":"https://fd8-photos.leclercdrive.fr/image.ashx?id=2887569&use=l&cat=p&typeid=i","cat":325352},{"id":14814,"n":"Compotes pommes Andros 4x100g","p":1.35,"u":"3,38 €/KG","img":"https://fd8-photos.leclercdrive.fr/image.ashx?id=2883925&use=l&cat=p&typeid=i","cat":284416},{"id":14867,"n":"Adoucissant Hyperdou Pure Caresse - 750ml","p":1.99,"u":"2,65 €/L","img":"https://fd8-photos.leclercdrive.fr/image.ashx?id=2614446&use=l&cat=p&typeid=i","cat":284650},{"id":14873,"n":"Pastilles javel La Croix x40","p":2.02,"u":"15,07 €/KG","img":"https://fd8-photos.leclercdrive.fr/image.ashx?id=2679693&use=l&cat=p&typeid=i","cat":284661},{"id":14880,"n":"Compote Charles & Alice Pommes Mangues - 4x100g","p":1.49,"u":"3,73 €/KG","img":"https://fd8-photos.leclercdrive.fr/image.ashx?id=2757347&use=l&cat=p&typeid=i","cat":284416},{"id":14887,"n":"Compote Charles & Alice Pommes - 4x100g","p":1.46,"u":"3,65 €/KG","img":"https://fd8-photos.leclercdrive.fr/image.ashx?id=2757677&use=l&cat=p&typeid=i","cat":284416},{"id":14888,"n":"Compote Charles & Alice Pommes Poires - 4x100g","p":1.49,"u":"3,73 €/KG","img":"https://fd8-photos.leclercdrive.fr/image.ashx?id=2936902&use=l&cat=p&typeid=i","cat":284416},{"id":14893,"n":"Yaourts allégés Sveltesse   Fruits Panachés - 12x125g","p":3.55,"u":"2,37 €/KG","img":"https://fd8-photos.leclercdrive.fr/image.ashx?id=2649569&use=l&cat=p&typeid=i","cat":315000},{"id":14900,"n":"Saucisson sec Saint-Azay 15 tranches - 150g","p":2.19,"u":"14,60 €/KG","img":"https://fd8-photos.leclercdrive.fr/image.ashx?id=2631432&use=l&cat=p&typeid=i","cat":316007},{"id":14901,"n":"Mozzarella di Buffala AOP Les Croisés - 125g","p":1.65,"u":"13,20 €/KG","img":"https://fd8-photos.leclercdrive.fr/image.ashx?id=2686329&use=l&cat=p&typeid=i","cat":314026},{"id":14904,"n":"Fromage frais nature Bio Bio village - 3.5% MG - 500g","p":1.75,"u":"3,50 €/KG","img":"https://fd8-photos.leclercdrive.fr/image.ashx?id=2839944&use=l&cat=p&typeid=i","cat":284409},{"id":14911,"n":"Bloc WC cuvette Harpic  Eau Bleue - x2","p":1.59,"u":"20,92 €/KG","img":"https://fd8-photos.leclercdrive.fr/image.ashx?id=2264743&use=l&cat=p&typeid=i","cat":284662},{"id":14918,"n":"Dessert fruitier framboise Douceur du Verger s/sucre 4x97g","p":1.49,"u":"3,84 €/KG","img":"https://fd8-photos.leclercdrive.fr/image.ashx?id=3009785&use=l&cat=p&typeid=i","cat":284416},{"id":14919,"n":"Compote Douceur du Verger Pomme Abricot - 4x97g","p":1.23,"u":"3,17 €/KG","img":"https://fd8-photos.leclercdrive.fr/image.ashx?id=2406396&use=l&cat=p&typeid=i","cat":284416},{"id":14923,"n":"Brocolis fleurettes Bio Village Bio - 600g","p":2.21,"u":"3,68 €/KG","img":"https://fd8-photos.leclercdrive.fr/image.ashx?id=2891788&use=l&cat=p&typeid=i","cat":319805},{"id":14927,"n":"Fromage Emmental IGP NRT Grand cru Label Rouge - 250g","p":3.69,"u":"14,76 €/KG","img":"https://fd8-photos.leclercdrive.fr/image.ashx?id=2356388&use=l&cat=p&typeid=i","cat":314034},{"id":14931,"n":"Rhum blanc Old Nick 40%vol - 1L","p":14.9,"u":"14,90 €/L","img":"https://fd8-photos.leclercdrive.fr/image.ashx?id=2483750&use=l&cat=p&typeid=i","cat":284550},{"id":14932,"n":"Rhum blanc Saint James 40% vol - 70cl","p":11.29,"u":"16,13 €/L","img":"https://fd8-photos.leclercdrive.fr/image.ashx?id=2970948&use=l&cat=p&typeid=i","cat":284550},{"id":14934,"n":"Gin Gibson 37.5%vol - 70cl","p":11.5,"u":"16,43 €/L","img":"https://fd8-photos.leclercdrive.fr/image.ashx?id=2755396&use=l&cat=p&typeid=i","cat":284550},{"id":14935,"n":"Vin de Madère Cruz 17° - 75cl","p":8.45,"u":"11,27 €/L","img":"https://fd8-photos.leclercdrive.fr/image.ashx?id=2304105&use=l&cat=p&typeid=i","cat":284913},{"id":14938,"n":"Anis gras Floranis 45%vol - 70cl","p":15.15,"u":"21,64 €/L","img":"https://fd8-photos.leclercdrive.fr/image.ashx?id=2282550&use=l&cat=p&typeid=i","cat":284548},{"id":14958,"n":"Apéritif Vabe Rivesaltes Vin doux 16% vol - 1L","p":7.87,"u":"7,87 €/L","img":"https://fd8-photos.leclercdrive.fr/image.ashx?id=2396063&use=l&cat=p&typeid=i","cat":284913},{"id":14974,"n":"Cognac v.s. Duc de Borzac 40%vol. - 70cl","p":18.98,"u":"27,11 €/L","img":"https://fd8-photos.leclercdrive.fr/image.ashx?id=2397138&use=l&cat=p&typeid=i","cat":286032},{"id":14976,"n":"Vodka Novotna  Pure grain 37.5%vol - 1,5L","p":22.07,"u":"14,71 €/L","img":"https://fd8-photos.leclercdrive.fr/image.ashx?id=784852&use=l&cat=p&typeid=i","cat":284550},{"id":14979,"n":"Crème de cassis de dijon NRT 20%vol. - 70cl","p":9.99,"u":"14,27 €/L","img":"https://fd8-photos.leclercdrive.fr/image.ashx?id=2762632&use=l&cat=p&typeid=i","cat":286032},{"id":14980,"n":"Crème de framboise Auguste  Mugniot 15%vol. - 50cl","p":5.49,"u":"10,98 €/L","img":"https://fd8-photos.leclercdrive.fr/image.ashx?id=829186&use=l&cat=p&typeid=i","cat":286032},{"id":14982,"n":"Cocktail Punch coco Lagoa 15%vol - 70cl","p":4.99,"u":"7,13 €/L","img":"https://fd8-photos.leclercdrive.fr/image.ashx?id=2958311&use=l&cat=p&typeid=i","cat":284551},{"id":14983,"n":"Pastis de Marseille Vivalis 45%vol - 1,5L","p":25.35,"u":"16,90 €/L","img":"https://fd8-photos.leclercdrive.fr/image.ashx?id=2805015&use=l&cat=p&typeid=i","cat":284548},{"id":14984,"n":"Guignolet Auguste Mugniot Kirsch - 15%vol. - 1L","p":7.12,"u":"7,12 €/L","img":"https://fd8-photos.leclercdrive.fr/image.ashx?id=745118&use=l&cat=p&typeid=i","cat":286032},{"id":14985,"n":"Liqueur de gentiane Boliane 15%vol. 1L","p":4.42,"u":"4,42 €/L","img":"https://fd8-photos.leclercdrive.fr/image.ashx?id=2081669&use=l&cat=p&typeid=i","cat":284913},{"id":14987,"n":"Scotch Whisky Baird's 40%vol - 1,5L","p":22.93,"u":"15,29 €/L","img":"https://fd8-photos.leclercdrive.fr/image.ashx?id=2913660&use=l&cat=p&typeid=i","cat":284547},{"id":14993,"n":"Bière blonde Leffe Rituel 9% - 6x25cl","p":5.98,"u":"3,99 €/L","img":"https://fd8-photos.leclercdrive.fr/image.ashx?id=2548285&use=l&cat=p&typeid=i","cat":334852},{"id":14996,"n":"Bière blonde Desquiles 5.9%vol. - 3x33cl","p":3.29,"u":"3,32 €/L","img":"https://fd8-photos.leclercdrive.fr/image.ashx?id=2637874&use=l&cat=p&typeid=i","cat":334878},{"id":15007,"n":"Protège-slips Doulys Ultra-mince Normal Plié - x30","p":1.19,"u":"0,04 €/P","img":"https://fd8-photos.leclercdrive.fr/image.ashx?id=2816109&use=l&cat=p&typeid=i","cat":284625},{"id":15011,"n":"Vin pétillant de l'UE arômatisé Pêche  - 75 cl","p":2.85,"u":"3,80 €/L","img":"https://fd8-photos.leclercdrive.fr/image.ashx?id=2720160&use=l&cat=p&typeid=i","cat":284544},{"id":15013,"n":"Vin pétillant de l'UE  arômatisé Framboise - 75 cl","p":2.86,"u":"3,81 €/L","img":"https://fd8-photos.leclercdrive.fr/image.ashx?id=2720163&use=l&cat=p&typeid=i","cat":284544},{"id":15014,"n":"Pétillant Festalie sans alcool Pêche - 75cl","p":2.85,"u":"3,80 €/L","img":"https://fd8-photos.leclercdrive.fr/image.ashx?id=2017256&use=l&cat=p&typeid=i","cat":289460},{"id":15022,"n":"Jus de pamplemousse rose Bio Bio Village - 1L","p":3.82,"u":"3,82 €/L","img":"https://fd8-photos.leclercdrive.fr/image.ashx?id=2901524&use=l&cat=p&typeid=i","cat":284914},{"id":15025,"n":"Nectar Jafaden Pomme kiwi - 1L","p":2.35,"u":"2,35 €/L","img":"https://fd8-photos.leclercdrive.fr/image.ashx?id=2895771&use=l&cat=p&typeid=i","cat":284915},{"id":15034,"n":"Déodorant bille Bio Naïa 50ml","p":1.35,"u":"27,00 €/L","img":"https://fd8-photos.leclercdrive.fr/image.ashx?id=2481210&use=l&cat=p&typeid=i","cat":284595},{"id":15036,"n":"Huile sèche corps bio Bio Naïa Spray - 100ml","p":4.59,"u":"45,90 €/L","img":"https://fd8-photos.leclercdrive.fr/image.ashx?id=2610196&use=l&cat=p&typeid=i","cat":325349},{"id":15039,"n":"Crème visage bio Bio Naïa Hydratante 50ml","p":1.99,"u":"39,80 €/L","img":"https://fd8-photos.leclercdrive.fr/image.ashx?id=2436651&use=l&cat=p&typeid=i","cat":325345},{"id":15048,"n":"Pain précuit Bio Village Demi-baguette x2 - 250g","p":2.29,"u":"9,16 €/KG","img":"https://fd8-photos.leclercdrive.fr/image.ashx?id=2375458&use=l&cat=p&typeid=i","cat":325069},{"id":15053,"n":"Déodorant Manava Grenade - 200ml","p":1.39,"u":"6,95 €/L","img":"https://fd8-photos.leclercdrive.fr/image.ashx?id=2699276&use=l&cat=p&typeid=i","cat":284595},{"id":15058,"n":"Biscuits tablettes Bio Village Bio Chocolat au lait 150g","p":2.38,"u":"15,87 €/KG","img":"https://fd8-photos.leclercdrive.fr/image.ashx?id=2650819&use=l&cat=p&typeid=i","cat":284488},{"id":15059,"n":"Gaufrettes P'tit Déli Praliné chocolat au lait - 175g","p":1.85,"u":"10,57 €/KG","img":"https://fd8-photos.leclercdrive.fr/image.ashx?id=2817157&use=l&cat=p&typeid=i","cat":284488},{"id":15060,"n":"Biscuits tablettes Bio Village Bio Chocolat noir 150g","p":2.39,"u":"15,93 €/KG","img":"https://fd8-photos.leclercdrive.fr/image.ashx?id=2708943&use=l&cat=p&typeid=i","cat":284488},{"id":15066,"n":"Savon douceur Manava Bouquet fleurs blanches 4x100g","p":1.45,"u":"3,63 €/KG","img":"https://fd8-photos.leclercdrive.fr/image.ashx?id=2358342&use=l&cat=p&typeid=i","cat":284597},{"id":15076,"n":"Recharges plaquettes Insectivor Anti-moustiques - x30","p":3.24,"u":"0,11 €/P","img":"https://fd8-photos.leclercdrive.fr/image.ashx?id=2741604&use=l&cat=p&typeid=i","cat":298368},{"id":15089,"n":"Pain d'épices Bio au miel Bjorg 300g","p":1.81,"u":"6,03 €/KG","img":"https://fd8-photos.leclercdrive.fr/image.ashx?id=2890136&use=l&cat=p&typeid=i","cat":284367},{"id":15095,"n":"Boisson végétale Noisette Bio  Bjorg- 1L","p":2.75,"u":"2,75 €/L","img":"https://fd8-photos.leclercdrive.fr/image.ashx?id=2972970&use=l&cat=p&typeid=i","cat":316067},{"id":15108,"n":"Salade Mexicaine Petit Navire 220g","p":2.15,"u":"9,77 €/KG","img":"https://fd8-photos.leclercdrive.fr/image.ashx?id=2829652&use=l&cat=p&typeid=i","cat":284437},{"id":15130,"n":"Gâteaux fourrés P'tit Déli Abricot x7 - 196g","p":2.69,"u":"13,72 €/KG","img":"https://fd8-photos.leclercdrive.fr/image.ashx?id=2046047&use=l&cat=p&typeid=i","cat":284495},{"id":15131,"n":"Nectar multifruits Jafaden 2L","p":2.49,"u":"1,25 €/L","img":"https://fd8-photos.leclercdrive.fr/image.ashx?id=2956032&use=l&cat=p&typeid=i","cat":284917},{"id":15140,"n":"Biscuits Croustine P'tit Déli Meringue noisette 100g","p":2.29,"u":"22,90 €/KG","img":"https://fd8-photos.leclercdrive.fr/image.ashx?id=2545574&use=l&cat=p&typeid=i","cat":284487},{"id":15145,"n":"Champignons Tables du Monde Noirs déshydratés 25g","p":2.49,"u":"99,60 €/KG","img":"https://fd8-photos.leclercdrive.fr/image.ashx?id=2920166&use=l&cat=p&typeid=i","cat":288992},{"id":15146,"n":"Génoises fourrées P'tit Déli Citron - 150g","p":1.97,"u":"13,13 €/KG","img":"https://fd8-photos.leclercdrive.fr/image.ashx?id=2482499&use=l&cat=p&typeid=i","cat":284489},{"id":15149,"n":"Petit Beurre P'tit Déli Pépites chocolat x24 200g","p":1.87,"u":"9,35 €/KG","img":"https://fd8-photos.leclercdrive.fr/image.ashx?id=2694100&use=l&cat=p&typeid=i","cat":284487},{"id":15152,"n":"Biscuits P'tit Déli Fleur de caramel 100g","p":2.25,"u":"22,50 €/KG","img":"https://fd8-photos.leclercdrive.fr/image.ashx?id=2935220&use=l&cat=p&typeid=i","cat":284490},{"id":15162,"n":"Rillettes pur porc Côté Table 3x78g","p":2.75,"u":"11,75 €/KG","img":"https://fd8-photos.leclercdrive.fr/image.ashx?id=2518514&use=l&cat=p&typeid=i","cat":305149},{"id":15163,"n":"Sablés fourrés P'tit Déli Noisette 125g","p":1.92,"u":"15,36 €/KG","img":"https://fd8-photos.leclercdrive.fr/image.ashx?id=2791266&use=l&cat=p&typeid=i","cat":284487},{"id":15181,"n":"Boisson aux fruits Oasis Saveur Fraise Framboise - 2L","p":2.68,"u":"1,34 €/L","img":"https://fd8-photos.leclercdrive.fr/image.ashx?id=2677819&use=l&cat=p&typeid=i","cat":295018},{"id":15184,"n":"Chips cuites au four Lay's Sel - 130g","p":1.55,"u":"11,92 €/KG","img":"https://fd8-photos.leclercdrive.fr/image.ashx?id=2422881&use=l&cat=p&typeid=i","cat":284447},{"id":15194,"n":"Pineau des Charentes J. Gautret Blanc 17%vol. 75cl","p":9.82,"u":"13,09 €/L","img":"https://fd8-photos.leclercdrive.fr/image.ashx?id=1654314&use=l&cat=p&typeid=i","cat":284913},{"id":15202,"n":"Pineau des Charentes Reynac Rosé 17%vol 75cl","p":10.5,"u":"14,00 €/L","img":"https://fd8-photos.leclercdrive.fr/image.ashx?id=2985093&use=l&cat=p&typeid=i","cat":284913},{"id":15206,"n":"Pineau des Charentes Reynac Blanc 17%vol 75cl","p":10.5,"u":"14,00 €/L","img":"https://fd8-photos.leclercdrive.fr/image.ashx?id=2105536&use=l&cat=p&typeid=i","cat":284913},{"id":15256,"n":"Barre chocolat au lait Lion x6 barres - 252g","p":2.59,"u":"10,28 €/KG","img":"https://fd8-photos.leclercdrive.fr/image.ashx?id=2736991&use=l&cat=p&typeid=i","cat":284498},{"id":15288,"n":"Mouchoirs blancs 4 plis Caresse Mini étuis x15","p":1.16,"u":"0,08 €/P","img":"https://fd8-photos.leclercdrive.fr/image.ashx?id=2824262&use=l&cat=p&typeid=i","cat":284638},{"id":15305,"n":"Eau minérale Saint Antonin 6x1L","p":2.76,"u":"0,46 €/L","img":"https://fd8-photos.leclercdrive.fr/image.ashx?id=2653891&use=l&cat=p&typeid=i","cat":284535},{"id":15403,"n":"Quatre-quarts P'tit Déli De Bretagne 250g","p":1.83,"u":"7,32 €/KG","img":"https://fd8-photos.leclercdrive.fr/image.ashx?id=2891884&use=l&cat=p&typeid=i","cat":294776},{"id":15431,"n":"Cappuccino nature  x10 stick - 140g","p":2.52,"u":"18,00 €/KG","img":"https://fd8-photos.leclercdrive.fr/image.ashx?id=2458055&use=l&cat=p&typeid=i","cat":284843},{"id":15451,"n":"Escalope de dinde Maître Coq Fine x2 - 240g","p":4.35,"u":"18,13 €/KG","img":"https://fd8-photos.leclercdrive.fr/image.ashx?id=2770088&use=l&cat=p&typeid=i","cat":284337},{"id":15476,"n":"Eau nettoyante Mots d'Enfants Hydratante - 250ml","p":1.93,"u":"7,72 €/L","img":"https://fd8-photos.leclercdrive.fr/image.ashx?id=3015048&use=l&cat=p&typeid=i","cat":284741},{"id":15499,"n":"Ruban adhésif Crystal Scotch Dévidoir 25mx19mm x1","p":1.95,"img":"https://fd8-photos.leclercdrive.fr/image.ashx?id=2753587&use=l&cat=p&typeid=i","cat":334133},{"id":15500,"n":"Ruban adhésif Magic Scotch Dévidoir 25mx19mm x1","p":2.25,"img":"https://fd8-photos.leclercdrive.fr/image.ashx?id=2753590&use=l&cat=p&typeid=i","cat":334133},{"id":15513,"n":"Gâteau cacao Oreo Lu Rouleaux Vanille - 154g","p":1.36,"u":"8,83 €/KG","img":"https://fd8-photos.leclercdrive.fr/image.ashx?id=3002282&use=l&cat=p&typeid=i","cat":284488},{"id":15525,"n":"Mini gâches briochettes NRT Chocolat noir x8 - 360g","p":2.79,"u":"7,75 €/KG","img":"https://fd8-photos.leclercdrive.fr/image.ashx?id=2670440&use=l&cat=p&typeid=i","cat":284478},{"id":15542,"n":"Prépartion mirabelles NRT De Lorraine  - 315g","p":2.64,"u":"8,38 €/KG","img":"https://fd8-photos.leclercdrive.fr/image.ashx?id=2699795&use=l&cat=p&typeid=i","cat":284480},{"id":15544,"n":"Crackers Tokapi  Fromage et graines - 65g","p":1.34,"u":"20,62 €/KG","img":"https://fd8-photos.leclercdrive.fr/image.ashx?id=2075247&use=l&cat=p&typeid=i","cat":297000},{"id":15564,"n":"Chips paysannes Pom'lisse Nature - 150g","p":0.99,"u":"6,60 €/KG","img":"https://fd8-photos.leclercdrive.fr/image.ashx?id=2927854&use=l&cat=p&typeid=i","cat":284447},{"id":15590,"n":"pain complet 3 céréales bio  bjorg 500g","p":2.2,"u":"4,40 €/KG","img":"https://fd8-photos.leclercdrive.fr/image.ashx?id=2752951&use=l&cat=p&typeid=i","cat":325069},{"id":15615,"n":"Multifruits Jafaden 100% Pur jus - 1,5L","p":1.99,"u":"1,33 €/L","img":"https://fd8-photos.leclercdrive.fr/image.ashx?id=2890000&use=l&cat=p&typeid=i","cat":284917},{"id":15626,"n":"Salade maxi Florette Laitue iceberg - 450g","p":2.9,"u":"6,44 €/KG","img":"https://fd8-photos.leclercdrive.fr/image.ashx?id=2090039&use=l&cat=p&typeid=i","cat":284353},{"id":15629,"n":"Salade maxi Florette Mâche - 200g","p":2.67,"u":"13,35 €/KG","img":"https://fd8-photos.leclercdrive.fr/image.ashx?id=2228849&use=l&cat=p&typeid=i","cat":284353},{"id":15630,"n":"Coeur de batavia Florette 200g","p":1.69,"u":"8,45 €/KG","img":"https://fd8-photos.leclercdrive.fr/image.ashx?id=2849821&use=l&cat=p&typeid=i","cat":284353},{"id":15635,"n":"Jeunes pousses douces  Florette - 175g","p":2.8,"u":"16,00 €/KG","img":"https://fd8-photos.leclercdrive.fr/image.ashx?id=2844070&use=l&cat=p&typeid=i","cat":284353},{"id":15646,"n":"Saumon Atlantique Connétable 112g","p":3.99,"u":"35,63 €/KG","img":"https://fd8-photos.leclercdrive.fr/image.ashx?id=2960162&use=l&cat=p&typeid=i","cat":305147},{"id":15647,"n":"Soupe Paysanne Légumes Knorr Déshydratée - Au lard - 97g","p":1.19,"u":"12,27 €/KG","img":"https://fd8-photos.leclercdrive.fr/image.ashx?id=2768870&use=l&cat=p&typeid=i","cat":284463},{"id":15741,"n":"Tampons Doulys Compact Super - x20","p":2.35,"u":"0,12 €/P","img":"https://fd8-photos.leclercdrive.fr/image.ashx?id=2965470&use=l&cat=p&typeid=i","cat":284626},{"id":15746,"n":"Soupe Liquide Liebig  Bisque de Homard - 300g","p":2.49,"u":"8,30 €/KG","img":"https://fd8-photos.leclercdrive.fr/image.ashx?id=2651390&use=l&cat=p&typeid=i","cat":287366},{"id":15801,"n":"IGP Pays d'Oc rosé Cinsault Syrah Ormes de Cambras 12% 75cl","p":2.37,"u":"3,16 €/L","img":"https://fd8-photos.leclercdrive.fr/image.ashx?id=2105158&use=l&cat=p&typeid=i","cat":289558},{"id":15806,"n":"Boisson énergisante Red Bull Sans Sucres , 250ml","p":1.14,"u":"4,56 €/L","img":"https://fd8-photos.leclercdrive.fr/image.ashx?id=2551618&use=l&cat=p&typeid=i","cat":284533},{"id":15807,"n":"Boisson aux fruits Oasis Goût Pomme Cassis Framboise 2L","p":2.48,"u":"1,24 €/L","img":"https://fd8-photos.leclercdrive.fr/image.ashx?id=3014452&use=l&cat=p&typeid=i","cat":295018},{"id":15808,"n":"AOC Côtes du Rhône rosé Prestige Cellier Dauphins 75cl","p":3.89,"u":"5,19 €/L","img":"https://fd8-photos.leclercdrive.fr/image.ashx?id=2829988&use=l&cat=p&typeid=i","cat":289558},{"id":15875,"n":"Eau de Cologne Bien Etre Naturelle - 250ml","p":4.36,"u":"17,44 €/L","img":"https://fd8-photos.leclercdrive.fr/image.ashx?id=2353665&use=l&cat=p&typeid=i","cat":291525},{"id":15895,"n":"Soin cheveux nutrition Garnier Cheveu bouclé à frisé - 200ml","p":2.39,"u":"11,95 €/L","img":"https://fd8-photos.leclercdrive.fr/image.ashx?id=2985354&use=l&cat=p&typeid=i","cat":284608},{"id":15910,"n":"Lait de toilette Mixa Bébé  Très Doux - 400ml","p":3.01,"u":"7,53 €/L","img":"https://fd8-photos.leclercdrive.fr/image.ashx?id=2548672&use=l&cat=p&typeid=i","cat":284740},{"id":15919,"n":"Soin hydratant L'Oréal Paris Men Expert Anti-fatigue - 50ml","p":5.59,"u":"111,80 €/L","img":"https://fd8-photos.leclercdrive.fr/image.ashx?id=2811278&use=l&cat=p&typeid=i","cat":284622},{"id":15937,"n":"Serviette Hygienique Vania  Maxi confort normal plus - x16","p":1.69,"u":"0,11 €/P","img":"https://fd8-photos.leclercdrive.fr/image.ashx?id=2908027&use=l&cat=p&typeid=i","cat":284624},{"id":15969,"n":"Gel nettoyant canalisations  Destop Javel Agrumes - 750ml","p":2.65,"u":"3,53 €/L","img":"https://fd8-photos.leclercdrive.fr/image.ashx?id=2885956&use=l&cat=p&typeid=i","cat":284908},{"id":16020,"n":"Gambas ASC Pêche Océan Géantes tigrées 8/12pièces 400g","p":10.8,"u":"27,00 €/KG","img":"https://fd8-photos.leclercdrive.fr/image.ashx?id=2202754&use=l&cat=p&typeid=i","cat":319787},{"id":16025,"n":"Yaourts Lait entier Bio Village Bio Fraise morceaux - 4x125g","p":1.5,"u":"3,00 €/KG","img":"https://fd8-photos.leclercdrive.fr/image.ashx?id=2841968&use=l&cat=p&typeid=i","cat":284410},{"id":16026,"n":"Yaourts brassé Bio Village Bio Pêche - 4x125g","p":1.5,"u":"3,00 €/KG","img":"https://fd8-photos.leclercdrive.fr/image.ashx?id=2841965&use=l&cat=p&typeid=i","cat":284410},{"id":16029,"n":"Carottes Bio Bio Village En rondelles - 600g","p":1.79,"u":"2,98 €/KG","img":"https://fd8-photos.leclercdrive.fr/image.ashx?id=2891809&use=l&cat=p&typeid=i","cat":319805},{"id":16031,"n":"Epinards en branches Bio Bio Village - 600g","p":1.65,"u":"2,75 €/KG","img":"https://fd8-photos.leclercdrive.fr/image.ashx?id=2891803&use=l&cat=p&typeid=i","cat":319805},{"id":16033,"n":"Choux-fleurs Bio Bio Village En fleurettes - 600g","p":1.99,"u":"3,32 €/KG","img":"https://fd8-photos.leclercdrive.fr/image.ashx?id=3002653&use=l&cat=p&typeid=i","cat":319805},{"id":16042,"n":"Bâtonnets Trium Café x4 - 280g","p":3.11,"u":"11,11 €/KG","img":"https://fd8-photos.leclercdrive.fr/image.ashx?id=2071086&use=l&cat=p&typeid=i","cat":284265},{"id":16061,"n":"Sauce Tomates Barilla Basilic - 400g","p":1.71,"u":"4,28 €/KG","img":"https://fd8-photos.leclercdrive.fr/image.ashx?id=2832518&use=l&cat=p&typeid=i","cat":287599},{"id":16062,"n":"Sauce Pesto Genovese Barilla Au basilic frais - 190g","p":1.99,"u":"10,47 €/KG","img":"https://fd8-photos.leclercdrive.fr/image.ashx?id=2737585&use=l&cat=p&typeid=i","cat":287599},{"id":16063,"n":"Sauce Pesto Barilla Rosso - 200g","p":1.99,"u":"9,95 €/KG","img":"https://fd8-photos.leclercdrive.fr/image.ashx?id=2308348&use=l&cat=p&typeid=i","cat":287599},{"id":16065,"n":"Bouillon de boeuf Maggi 8 tablettes 80g","p":1.25,"u":"15,63 €/KG","img":"https://fd8-photos.leclercdrive.fr/image.ashx?id=2729932&use=l&cat=p&typeid=i","cat":288379},{"id":16074,"n":"Sauce Italienne à la viande Zapetti - 2x190g","p":2.25,"u":"5,92 €/KG","img":"https://fd8-photos.leclercdrive.fr/image.ashx?id=2579969&use=l&cat=p&typeid=i","cat":288384},{"id":16075,"n":"Sauce tomate cuisinée Zapetti - 2x190g","p":1.09,"u":"2,87 €/KG","img":"https://fd8-photos.leclercdrive.fr/image.ashx?id=2579972&use=l&cat=p&typeid=i","cat":288384},{"id":16076,"n":"Sauce Italienne Zapetti 3x95g","p":2.19,"u":"7,68 €/KG","img":"https://fd8-photos.leclercdrive.fr/image.ashx?id=2579978&use=l&cat=p&typeid=i","cat":288384},{"id":16094,"n":"Pansements bain Mercurochrome Bain 3 tailles x16","p":2.37,"u":"0,15 €/P","img":"https://fd8-photos.leclercdrive.fr/image.ashx?id=2663965&use=l&cat=p&typeid=i","cat":284630},{"id":16095,"n":"Spray anti-moustique Marie Rose 8h - 100ml","p":5.11,"u":"51,10 €/L","img":"https://fd8-photos.leclercdrive.fr/image.ashx?id=2666749&use=l&cat=p&typeid=i","cat":299654},{"id":16153,"n":"Biscuits petit déj Bio Village Bio Chocolat / Noisettes - 200g","p":2.08,"u":"10,40 €/KG","img":"https://fd8-photos.leclercdrive.fr/image.ashx?id=2371560&use=l&cat=p&typeid=i","cat":284491},{"id":16154,"n":"Tartelettes Bio Village Framboises Bio - x9 - 125g","p":2.34,"u":"18,72 €/KG","img":"https://fd8-photos.leclercdrive.fr/image.ashx?id=2869525&use=l&cat=p&typeid=i","cat":284489},{"id":16159,"n":"Brume d'eau pure Inell 400ml","p":1.65,"u":"4,13 €/L","img":"https://fd8-photos.leclercdrive.fr/image.ashx?id=806289&use=l&cat=p&typeid=i","cat":290295},{"id":16171,"n":"Riz Thaï Bio Village Bio - 500g","p":2.45,"u":"4,90 €/KG","img":"https://fd8-photos.leclercdrive.fr/image.ashx?id=2441510&use=l&cat=p&typeid=i","cat":284428},{"id":16172,"n":"Mini Barres chocolatées Lion x18 barres - 350g","p":5.6,"u":"16,00 €/KG","img":"https://fd8-photos.leclercdrive.fr/image.ashx?id=2925553&use=l&cat=p&typeid=i","cat":284498},{"id":16231,"n":"Porto Tawny Dorrao 20%vol - 75cl","p":11.65,"u":"15,53 €/L","img":"https://fd8-photos.leclercdrive.fr/image.ashx?id=2869853&use=l&cat=p&typeid=i","cat":284913},{"id":16254,"n":"Câpres surfines Rustica Au vinaigre - 60g","p":1.23,"u":"20,50 €/KG","img":"https://fd8-photos.leclercdrive.fr/image.ashx?id=1677666&use=l&cat=p&typeid=i","cat":284458},{"id":16271,"n":"Maïs Géant Vert extra croquant sans résidu pesticides - 285g","p":0.99,"u":"3,47 €/KG","img":"https://fd8-photos.leclercdrive.fr/image.ashx?id=2754267&use=l&cat=p&typeid=i","cat":312611},{"id":16272,"n":"Maïs Géant Vert extra tendre sans résidu pesticides - 285g","p":0.99,"u":"3,47 €/KG","img":"https://fd8-photos.leclercdrive.fr/image.ashx?id=2462448&use=l&cat=p&typeid=i","cat":312611},{"id":16303,"n":"Petits oignons Rustica Vinaigre doux - 190g","p":0.79,"u":"4,16 €/KG","img":"https://fd8-photos.leclercdrive.fr/image.ashx?id=2916683&use=l&cat=p&typeid=i","cat":284458},{"id":16430,"n":"Lait de coco bio Jardin Bio Bio - 400ml","p":2.07,"u":"5,18 €/L","img":"https://fd8-photos.leclercdrive.fr/image.ashx?id=2790132&use=l&cat=p&typeid=i","cat":288992},{"id":16431,"n":"Raviolis bio boeuf Jardin Bio 72cl","p":3.71,"u":"5,15 €/L","img":"https://fd8-photos.leclercdrive.fr/image.ashx?id=2972469&use=l&cat=p&typeid=i","cat":284442},{"id":16432,"n":"Pâte brisée Bio  Bio village - 230g","p":1.99,"u":"8,65 €/KG","img":"https://fd8-photos.leclercdrive.fr/image.ashx?id=2274177&use=l&cat=p&typeid=i","cat":333681},{"id":16433,"n":"Pâte feuilletée Bio Bio village - 230g","p":1.65,"u":"7,17 €/KG","img":"https://fd8-photos.leclercdrive.fr/image.ashx?id=2969006&use=l&cat=p&typeid=i","cat":333681},{"id":16434,"n":"Raviolis aux 3 fromages Bio Bio village - 250g","p":2.9,"u":"11,60 €/KG","img":"https://fd8-photos.leclercdrive.fr/image.ashx?id=2843608&use=l&cat=p&typeid=i","cat":333682},{"id":16435,"n":"Tagliatelles fraîches Bio Bio village - 250g","p":1.39,"u":"5,56 €/KG","img":"https://fd8-photos.leclercdrive.fr/image.ashx?id=2875735&use=l&cat=p&typeid=i","cat":333682},{"id":16436,"n":"Pâtes torsades Bio Village Bio -  500g","p":0.85,"u":"1,70 €/KG","img":"https://fd8-photos.leclercdrive.fr/image.ashx?id=2625367&use=l&cat=p&typeid=i","cat":284427},{"id":16438,"n":"Riz long Bio Village Bio - 500g","p":1.94,"u":"3,88 €/KG","img":"https://fd8-photos.leclercdrive.fr/image.ashx?id=2582996&use=l&cat=p&typeid=i","cat":284428},{"id":16439,"n":"Riz Basmati Bio Village Bio - 500g","p":1.5,"u":"3,00 €/KG","img":"https://fd8-photos.leclercdrive.fr/image.ashx?id=795814&use=l&cat=p&typeid=i","cat":284428},{"id":16443,"n":"Chocolat Alter Eco noir menthe Max Havelaar Bio - 100g","p":2.37,"u":"23,70 €/KG","img":"https://fd8-photos.leclercdrive.fr/image.ashx?id=2906538&use=l&cat=p&typeid=i","cat":284956},{"id":16490,"n":"Yaourt nature 0% MG Bio Bio village - 4x125g","p":1.34,"u":"2,68 €/KG","img":"https://fd8-photos.leclercdrive.fr/image.ashx?id=2077427&use=l&cat=p&typeid=i","cat":315000},{"id":16491,"n":"Yaourts Lait brebis Bio Village Bio Vanille - 2x125g","p":1.89,"u":"7,56 €/KG","img":"https://fd8-photos.leclercdrive.fr/image.ashx?id=2646994&use=l&cat=p&typeid=i","cat":314998},{"id":16492,"n":"Légumes pour couscous bio Jardin Bio - 660g","p":2.43,"u":"3,38 €/L","img":"https://fd8-photos.leclercdrive.fr/image.ashx?id=2534887&use=l&cat=p&typeid=i","cat":312612},{"id":16493,"n":"Pâte à tartiner bio Jardin Bio Cacao noisettes - 350g","p":3.32,"u":"9,49 €/KG","img":"https://fd8-photos.leclercdrive.fr/image.ashx?id=2918844&use=l&cat=p&typeid=i","cat":284481},{"id":16520,"n":"Mayonnaise Eco+ Bocal - 470g","p":1.17,"u":"2,49 €/KG","img":"https://fd8-photos.leclercdrive.fr/image.ashx?id=2954322&use=l&cat=p&typeid=i","cat":298295},{"id":16521,"n":"Lait demi-écrémé Eco+ Brique UHT -  6x1L","p":5.52,"u":"0,92 €/L","img":"https://fd8-photos.leclercdrive.fr/image.ashx?id=2925955&use=l&cat=p&typeid=i","cat":284377},{"id":16524,"n":"Pâtes Eco+ Spaghetti - 1kg","p":1.02,"u":"1,02 €/KG","img":"https://fd8-photos.leclercdrive.fr/image.ashx?id=2757494&use=l&cat=p&typeid=i","cat":284427},{"id":16525,"n":"Purée de pommes de terre Eco+ Déshydratée 4x125g","p":1.41,"u":"2,82 €/KG","img":"https://fd8-photos.leclercdrive.fr/image.ashx?id=2929858&use=l&cat=p&typeid=i","cat":284431},{"id":16536,"n":"Sucre Eco+ En morceaux - 1kg","p":1.33,"u":"1,33 €/KG","img":"https://fd8-photos.leclercdrive.fr/image.ashx?id=2702274&use=l&cat=p&typeid=i","cat":284502},{"id":16539,"n":"Pain d'épices Eco+ 470g","p":1.23,"u":"2,62 €/KG","img":"https://fd8-photos.leclercdrive.fr/image.ashx?id=2932384&use=l&cat=p&typeid=i","cat":284493},{"id":16550,"n":"Limonade Eco+ 1,5L","p":0.38,"u":"0,25 €/L","img":"https://fd8-photos.leclercdrive.fr/image.ashx?id=2762937&use=l&cat=p&typeid=i","cat":284531},{"id":16552,"n":"Jus de pomme abc Eco+ 1L","p":0.85,"u":"0,85 €/L","img":"https://fd8-photos.leclercdrive.fr/image.ashx?id=2802269&use=l&cat=p&typeid=i","cat":284522},{"id":16553,"n":"Soda cola Eco+ 1,5L","p":0.49,"u":"0,33 €/L","img":"https://fd8-photos.leclercdrive.fr/image.ashx?id=2807270&use=l&cat=p&typeid=i","cat":284530},{"id":16554,"n":"Soda cola light 1,5l","p":0.4,"u":"0,27 €/L","img":"https://fd8-photos.leclercdrive.fr/image.ashx?id=2821792&use=l&cat=p&typeid=i","cat":284530},{"id":16555,"n":"Boisson aromatisée Eco+ Exotique 2L","p":0.97,"u":"0,49 €/L","img":"https://fd8-photos.leclercdrive.fr/image.ashx?id=2755049&use=l&cat=p&typeid=i","cat":295018},{"id":16558,"n":"Thé glacé pêche Eco  2L","p":1.25,"u":"0,63 €/L","img":"https://fd8-photos.leclercdrive.fr/image.ashx?id=2764955&use=l&cat=p&typeid=i","cat":295019},{"id":16571,"n":"Tagliatelles fraiches Eco+ 500g","p":1.4,"u":"2,80 €/KG","img":"https://fd8-photos.leclercdrive.fr/image.ashx?id=2751850&use=l&cat=p&typeid=i","cat":333682},{"id":16577,"n":"Crème sous pression Eco+ Crème légère et sucrée - 250g","p":1.69,"u":"6,76 €/KG","img":"https://fd8-photos.leclercdrive.fr/image.ashx?id=2856242&use=l&cat=p&typeid=i","cat":284382},{"id":16582,"n":"Pommes frites Eco+ 2,5kg","p":2.81,"u":"1,12 €/KG","img":"https://fd8-photos.leclercdrive.fr/image.ashx?id=2660523&use=l&cat=p&typeid=i","cat":319791},{"id":16583,"n":"Pommes rissolées surgelées Eco+ 1kg","p":1.11,"u":"1,11 €/KG","img":"https://fd8-photos.leclercdrive.fr/image.ashx?id=2085934&use=l&cat=p&typeid=i","cat":319792},{"id":16642,"n":"Génoises fourrées P'tit Déli Agrumes - 150g","p":1.09,"u":"7,27 €/KG","img":"https://fd8-photos.leclercdrive.fr/image.ashx?id=2482502&use=l&cat=p&typeid=i","cat":284489},{"id":16737,"n":"Viande hachée 15% MG Férial 500g","p":8.3,"u":"16,60 €/KG","img":"https://fd8-photos.leclercdrive.fr/image.ashx?id=2904013&use=l&cat=p&typeid=i","cat":284332},{"id":16741,"n":"Viande hachée 5% MG Férial 350g","p":5.79,"u":"16,54 €/KG","img":"https://fd8-photos.leclercdrive.fr/image.ashx?id=2904010&use=l&cat=p&typeid=i","cat":284332},{"id":16742,"n":"Steak haché Férial 15%mg - 800g","p":11.37,"u":"14,21 €/KG","img":"https://fd8-photos.leclercdrive.fr/image.ashx?id=2904004&use=l&cat=p&typeid=i","cat":284332},{"id":16766,"n":"Viande hachée 20% MG Férial 700g","p":8.99,"u":"12,84 €/KG","img":"https://fd8-photos.leclercdrive.fr/image.ashx?id=2904016&use=l&cat=p&typeid=i","cat":284332},{"id":16767,"n":"Steak haché Férial  5%mg - 400g","p":7.59,"u":"18,98 €/KG","img":"https://fd8-photos.leclercdrive.fr/image.ashx?id=2598722&use=l&cat=p&typeid=i","cat":284332},{"id":16783,"n":"AOP Saumur brut Les Caractères - 75cl","p":4.49,"u":"5,99 €/L","img":"https://fd8-photos.leclercdrive.fr/image.ashx?id=2895774&use=l&cat=p&typeid=i","cat":284544},{"id":16803,"n":"AOC Champagne Président Germain Brut - 75cl","p":24.9,"u":"33,20 €/L","img":"https://fd8-photos.leclercdrive.fr/image.ashx?id=1567645&use=l&cat=p&typeid=i","cat":284542},{"id":16805,"n":"Viande bovine Férial steak ** à griller - 280g","p":5.79,"u":"20,68 €/KG","img":"https://fd8-photos.leclercdrive.fr/image.ashx?id=2483557&use=l&cat=p&typeid=i","cat":284328},{"id":16829,"n":"Fusilli Côté Snack Pâtes 4 fromages - 300g","p":1.89,"u":"6,30 €/KG","img":"https://fd8-photos.leclercdrive.fr/image.ashx?id=2748726&use=l&cat=p&typeid=i","cat":334983},{"id":16841,"n":"Génoises fourrées P'tit Déli Framboise cassis - 150g","p":1.06,"u":"7,07 €/KG","img":"https://fd8-photos.leclercdrive.fr/image.ashx?id=2473981&use=l&cat=p&typeid=i","cat":284489},{"id":16842,"n":"Spéculoos P'tit Déli 2x250g","p":1.47,"u":"2,94 €/KG","img":"https://fd8-photos.leclercdrive.fr/image.ashx?id=2046364&use=l&cat=p&typeid=i","cat":284487},{"id":16847,"n":"Chewing-gum Freedent white Menthe douce 70g","p":2.17,"u":"31,00 €/KG","img":"https://fd8-photos.leclercdrive.fr/image.ashx?id=2237289&use=l&cat=p&typeid=i","cat":304251},{"id":16849,"n":"Chewing-gum Freedent white Menthe forte 70g","p":1.92,"u":"27,43 €/KG","img":"https://fd8-photos.leclercdrive.fr/image.ashx?id=2237292&use=l&cat=p&typeid=i","cat":304251},{"id":16916,"n":"Croquette Tous Mes Amis Vitalité - viande de boeuf 10kg","p":12.99,"u":"1,30 €/KG","img":"https://fd8-photos.leclercdrive.fr/image.ashx?id=2078635&use=l&cat=p&typeid=i","cat":284672},{"id":16920,"n":"Coeurs d'artichaut Notre Jardin 240g","p":2.49,"u":"10,38 €/KG","img":"https://fd8-photos.leclercdrive.fr/image.ashx?id=2501994&use=l&cat=p&typeid=i","cat":312611},{"id":16934,"n":"Viande bovine  Férial 1x  Faux filet *** à griller - 160g","p":4.51,"u":"28,19 €/KG","img":"https://fd8-photos.leclercdrive.fr/image.ashx?id=2591554&use=l&cat=p&typeid=i","cat":284328},{"id":16947,"n":"Pâtes torti Panzani 1kg","p":1.98,"u":"1,98 €/KG","img":"https://fd8-photos.leclercdrive.fr/image.ashx?id=2873826&use=l&cat=p&typeid=i","cat":284427},{"id":16965,"n":"Harissa Phare du Cap Bon Tube - 70g","p":0.69,"u":"9,86 €/KG","img":"https://fd8-photos.leclercdrive.fr/image.ashx?id=2660946&use=l&cat=p&typeid=i","cat":289013},{"id":16996,"n":"Liquide de rinçage Visior Lave-vaisselle - 750ml","p":0.89,"u":"1,19 €/L","img":"https://fd8-photos.leclercdrive.fr/image.ashx?id=2874377&use=l&cat=p&typeid=i","cat":284657},{"id":17014,"n":"Fromage apéritif Apéricube Sélection festive 48 cubes","p":4.17,"u":"16,68 €/KG","img":"https://fd8-photos.leclercdrive.fr/image.ashx?id=2882665&use=l&cat=p&typeid=i","cat":314027},{"id":17036,"n":"Mouchoirs blancs 3 plis Caresse Boîte mouchoirs papier x90","p":1.04,"u":"0,01 €/P","img":"https://fd8-photos.leclercdrive.fr/image.ashx?id=1286020&use=l&cat=p&typeid=i","cat":284638},{"id":17037,"n":"Rasoir Carré Homme 5 lames - x1","p":4.69,"img":"https://fd8-photos.leclercdrive.fr/image.ashx?id=2704657&use=l&cat=p&typeid=i","cat":284616},{"id":17104,"n":"Tuiles Tokapi  Nature - 170g","p":1.35,"u":"7,94 €/KG","img":"https://fd8-photos.leclercdrive.fr/image.ashx?id=2632849&use=l&cat=p&typeid=i","cat":287899},{"id":17105,"n":"Chips Tuiles Tokapi Crème oignon - 170g","p":1.35,"u":"7,94 €/KG","img":"https://fd8-photos.leclercdrive.fr/image.ashx?id=2643375&use=l&cat=p&typeid=i","cat":287899},{"id":17108,"n":"Brume d'eau pure Inell 150ml","p":1.25,"u":"8,33 €/L","img":"https://fd8-photos.leclercdrive.fr/image.ashx?id=2712980&use=l&cat=p&typeid=i","cat":290295},{"id":17112,"n":"Limonade Bio village Bio - 1L","p":0.96,"u":"0,96 €/L","img":"https://fd8-photos.leclercdrive.fr/image.ashx?id=2632900&use=l&cat=p&typeid=i","cat":284531},{"id":17113,"n":"Cidre bouché Bio village Bio 4% vol - 75cl","p":2.29,"u":"3,05 €/L","img":"https://fd8-photos.leclercdrive.fr/image.ashx?id=2907255&use=l&cat=p&typeid=i","cat":334880},{"id":17143,"n":"Croissants pur beurre           4x1p","p":1.83,"u":"0,46 €/P","img":"https://fd8-photos.leclercdrive.fr/image.ashx?id=597456&use=l&cat=p&typeid=i","cat":284984},{"id":17165,"n":"Poulet blanc Maître coq Eleveur de nos régions - 1,3kg","p":8.4,"u":"6,46 €/KG","img":"https://fd8-photos.leclercdrive.fr/image.ashx?id=2926359&use=l&cat=p&typeid=i","cat":284336},{"id":17166,"n":"Poulet jaune Maître Coq Eleveur de nos régions 1,3kg","p":7.12,"u":"5,48 €/KG","img":"https://fd8-photos.leclercdrive.fr/image.ashx?id=2926356&use=l&cat=p&typeid=i","cat":284336},{"id":17189,"n":"Biscuit petit dej P'tit Déli Miel/pépites chocolat - 400g","p":2.15,"u":"5,38 €/KG","img":"https://fd8-photos.leclercdrive.fr/image.ashx?id=2999502&use=l&cat=p&typeid=i","cat":284491},{"id":17220,"n":"Nettoyant spray Clair Anti-calcaire 750ml","p":0.94,"u":"1,25 €/L","img":"https://fd8-photos.leclercdrive.fr/image.ashx?id=2882316&use=l&cat=p&typeid=i","cat":325362},{"id":17223,"n":"Mouchoirs blancs 3 plis Caresse Boîte déco décor aléatoire x70","p":1.52,"u":"0,02 €/P","img":"https://fd8-photos.leclercdrive.fr/image.ashx?id=2812548&use=l&cat=p&typeid=i","cat":284638},{"id":17238,"n":"Cervelas fumés Stemmelen x3 - 300g","p":2.55,"u":"8,50 €/KG","img":"https://fd8-photos.leclercdrive.fr/image.ashx?id=2959952&use=l&cat=p&typeid=i","cat":316012},{"id":17239,"n":"Sauce nantua Giraudet 250g","p":3.59,"u":"14,36 €/KG","img":"https://fd8-photos.leclercdrive.fr/image.ashx?id=2214792&use=l&cat=p&typeid=i","cat":284382},{"id":17240,"n":"Quenelle nature Giraudet Pur beurre - 4x80g","p":3.94,"u":"12,31 €/KG","img":"https://fd8-photos.leclercdrive.fr/image.ashx?id=2214798&use=l&cat=p&typeid=i","cat":333682},{"id":17241,"n":"Quenelle nature Giraudet Pur beurre - 16x20g","p":4.57,"u":"14,28 €/KG","img":"https://fd8-photos.leclercdrive.fr/image.ashx?id=2533481&use=l&cat=p&typeid=i","cat":333682},{"id":17244,"n":"Saucisses de Strasbourg  Stemmelen x6 - 240g","p":3.1,"u":"12,92 €/KG","img":"https://fd8-photos.leclercdrive.fr/image.ashx?id=2803673&use=l&cat=p&typeid=i","cat":316012},{"id":17252,"n":"Faisselle La Bressane - 6,5%mg - 6x100g","p":2.9,"u":"4,83 €/KG","img":"https://fd8-photos.leclercdrive.fr/image.ashx?id=2733403&use=l&cat=p&typeid=i","cat":284409},{"id":17254,"n":"Faisselle La Bressane - 6,5%mg - 12x100g","p":5.25,"u":"4,38 €/KG","img":"https://fd8-photos.leclercdrive.fr/image.ashx?id=2733406&use=l&cat=p&typeid=i","cat":284409},{"id":17287,"n":"Pâtes Alpina Savoie Nouilles Savoisiennes - 500g","p":1.02,"u":"2,04 €/KG","img":"https://fd8-photos.leclercdrive.fr/image.ashx?id=2789850&use=l&cat=p&typeid=i","cat":284427},{"id":17290,"n":"Pâtes Alpina Avoine - 500g","p":1.01,"u":"2,02 €/KG","img":"https://fd8-photos.leclercdrive.fr/image.ashx?id=2789856&use=l&cat=p&typeid=i","cat":284427},{"id":17293,"n":"Génoise mix milk Balconi Pâtissier x10 280g","p":1.86,"u":"10,33 €/KG","img":"https://fd8-photos.leclercdrive.fr/image.ashx?id=2878411&use=l&cat=p&typeid=i","cat":284495},{"id":17294,"n":"Pâtes crozets nature Alpina 400g","p":2.55,"u":"6,38 €/KG","img":"https://fd8-photos.leclercdrive.fr/image.ashx?id=2795072&use=l&cat=p&typeid=i","cat":284427},{"id":17295,"n":"Pâtes crozets Alpina Savoie Au sarrasin - 400g","p":3.11,"u":"7,78 €/KG","img":"https://fd8-photos.leclercdrive.fr/image.ashx?id=2795075&use=l&cat=p&typeid=i","cat":284427},{"id":17296,"n":"Génoise Secrets du Pâtissier Fourrée abricot x10 - 280g","p":2.71,"u":"9,68 €/KG","img":"https://fd8-photos.leclercdrive.fr/image.ashx?id=2878420&use=l&cat=p&typeid=i","cat":284495},{"id":17298,"n":"Mini roulés Rollkao Cacao x6 222g","p":1.39,"u":"6,26 €/KG","img":"https://fd8-photos.leclercdrive.fr/image.ashx?id=2924854&use=l&cat=p&typeid=i","cat":284495},{"id":17303,"n":"Gros sel de mer iodé Baleine 1kg","p":0.75,"u":"0,75 €/KG","img":"https://fd8-photos.leclercdrive.fr/image.ashx?id=2788526&use=l&cat=p&typeid=i","cat":284457},{"id":17305,"n":"Délices soufflés brochet Ecochard - 4x120g","p":4.29,"u":"8,94 €/KG","img":"https://fd8-photos.leclercdrive.fr/image.ashx?id=2842636&use=l&cat=p&typeid=i","cat":333682},{"id":17313,"n":"Poireaux coupés 500g","p":3.69,"u":"7,38 €/KG","img":"https://fd8-photos.leclercdrive.fr/image.ashx?id=597688&use=l&cat=p&typeid=i","cat":284352},{"id":17340,"n":"Pizza Cuite sur pierre Turini  Poulet rôti poivrons - 400g","p":2.23,"u":"5,58 €/KG","img":"https://fd8-photos.leclercdrive.fr/image.ashx?id=2815235&use=l&cat=p&typeid=i","cat":284256},{"id":17362,"n":"Moules ASC Pêche Océan Décortiquées - 500g","p":3.38,"u":"6,76 €/KG","img":"https://fd8-photos.leclercdrive.fr/image.ashx?id=2835023&use=l&cat=p&typeid=i","cat":319787},{"id":17389,"n":"Biscuits dorés extra P'tit Déli 2x150g","p":1.19,"u":"3,97 €/KG","img":"https://fd8-photos.leclercdrive.fr/image.ashx?id=778210&use=l&cat=p&typeid=i","cat":284487},{"id":17390,"n":"Tampon à récurer Mamison x3","p":0.68,"u":"0,23 €/P","img":"https://fd8-photos.leclercdrive.fr/image.ashx?id=2216957&use=l&cat=p&typeid=i","cat":284667},{"id":17392,"n":"Mouchoirs blanc 4 plis Univert Etuis x15 - Ecolabel","p":1.95,"u":"0,13 €/P","img":"https://fd8-photos.leclercdrive.fr/image.ashx?id=2549951&use=l&cat=p&typeid=i","cat":284638},{"id":17409,"n":"Lotion capillaire Carré Homme Cheveux blancs et gris 400ml","p":1.99,"u":"4,98 €/L","img":"https://fd8-photos.leclercdrive.fr/image.ashx?id=646404&use=l&cat=p&typeid=i","cat":284621},{"id":17410,"n":"Gel anticalcaire Texil 750ml","p":2.59,"u":"3,45 €/L","img":"https://fd8-photos.leclercdrive.fr/image.ashx?id=2958711&use=l&cat=p&typeid=i","cat":284653},{"id":17413,"n":"Sacs congélation zip Elembal Petit modèle x25","p":1.45,"u":"0,06 €/P","img":"https://fd8-photos.leclercdrive.fr/image.ashx?id=2751883&use=l&cat=p&typeid=i","cat":334134},{"id":17414,"n":"Activateur de lavage Textil Spécial blanc 10 tablettes","p":2.1,"u":"9,33 €/KG","img":"https://fd8-photos.leclercdrive.fr/image.ashx?id=2964565&use=l&cat=p&typeid=i","cat":284651},{"id":17422,"n":"IGP Pays d'Oc Syrah vin rouge Vieux Carion -75 cl","p":2.25,"u":"3,00 €/L","img":"https://fd8-photos.leclercdrive.fr/image.ashx?id=2747749&use=l&cat=p&typeid=i","cat":289556},{"id":17423,"n":"IGP Côtes de Gascogne vin blanc Terrasses d'Autan - 75cl","p":2.99,"u":"3,99 €/L","img":"https://fd8-photos.leclercdrive.fr/image.ashx?id=2886448&use=l&cat=p&typeid=i","cat":289557},{"id":17425,"n":"Fromage blanc Délisse Vanille 2,5%MG - 8x100g","p":2.82,"u":"3,53 €/KG","img":"https://fd8-photos.leclercdrive.fr/image.ashx?id=3012827&use=l&cat=p&typeid=i","cat":284409},{"id":17469,"n":"Biscuits P'tit Déli Bâtonnets Chocolat blanc 150g","p":1.7,"u":"11,33 €/KG","img":"https://fd8-photos.leclercdrive.fr/image.ashx?id=2470195&use=l&cat=p&typeid=i","cat":284488},{"id":17552,"n":"Brandade de morue Coudène Verre de - 200g","p":4.65,"u":"23,25 €/KG","img":"https://fd8-photos.leclercdrive.fr/image.ashx?id=2393128&use=l&cat=p&typeid=i","cat":285191},{"id":17571,"n":"Crème entière fluide UHT Délisse - Brique 30%mg - 1L","p":4.25,"u":"4,25 €/L","img":"https://fd8-photos.leclercdrive.fr/image.ashx?id=2509980&use=l&cat=p&typeid=i","cat":284381},{"id":17625,"n":"Bûche glacée Eskiss Fruits rouges et biscuit - 564g","p":3.59,"u":"6,37 €/KG","img":"https://fd8-photos.leclercdrive.fr/image.ashx?id=2459156&use=l&cat=p&typeid=i","cat":284266},{"id":17627,"n":"Mini bûches glacées Eskiss Assortiment - 311g","p":2.29,"u":"7,36 €/KG","img":"https://fd8-photos.leclercdrive.fr/image.ashx?id=2791263&use=l&cat=p&typeid=i","cat":284266},{"id":17645,"n":"Whisky Jameson 40%vol - 1L","p":28.91,"u":"28,91 €/L","img":"https://fd8-photos.leclercdrive.fr/image.ashx?id=2880922&use=l&cat=p&typeid=i","cat":284547},{"id":17653,"n":"Fromage apéritif Apéricube Best of des saveurs 48 cubes","p":4.17,"u":"16,68 €/KG","img":"https://fd8-photos.leclercdrive.fr/image.ashx?id=2882662&use=l&cat=p&typeid=i","cat":314027},{"id":17694,"n":"Couches bébé Mots d'Enfants T4+ Ultra confort - 9/20kg - x144","p":20.5,"u":"0,14 €/P","img":"https://fd8-photos.leclercdrive.fr/image.ashx?id=2689426&use=l&cat=p&typeid=i","cat":284737},{"id":17709,"n":"Sauce au poivre Knorr A la crème fraiche - 30cl","p":1.37,"u":"4,57 €/L","img":"https://fd8-photos.leclercdrive.fr/image.ashx?id=2985096&use=l&cat=p&typeid=i","cat":288381},{"id":17710,"n":"Sauce Hollandaise Knorr Au jus de citron - 30cl","p":1.45,"u":"4,83 €/L","img":"https://fd8-photos.leclercdrive.fr/image.ashx?id=2985099&use=l&cat=p&typeid=i","cat":288381},{"id":17717,"n":"Blanc de poulet Tradilège x4 160g","p":1.39,"u":"8,69 €/KG","img":"https://fd8-photos.leclercdrive.fr/image.ashx?id=2925738&use=l&cat=p&typeid=i","cat":316010},{"id":17718,"n":"Blanc de dinde Tradilège 4 tranches 160g","p":1.61,"u":"10,06 €/KG","img":"https://fd8-photos.leclercdrive.fr/image.ashx?id=2989787&use=l&cat=p&typeid=i","cat":316010},{"id":17767,"n":"Gambas entières Pêche Océan ASC - 400g","p":8.99,"u":"22,48 €/KG","img":"https://fd8-photos.leclercdrive.fr/image.ashx?id=1469051&use=l&cat=p&typeid=i","cat":319787},{"id":17768,"n":"Boudins blancs au porto Tradilège x3 - 375g","p":3.89,"u":"10,37 €/KG","img":"https://fd8-photos.leclercdrive.fr/image.ashx?id=2252040&use=l&cat=p&typeid=i","cat":316012},{"id":17813,"n":"Détachant Texil avant lavage 500ml","p":1.75,"u":"3,50 €/L","img":"https://fd8-photos.leclercdrive.fr/image.ashx?id=2958708&use=l&cat=p&typeid=i","cat":284651},{"id":17824,"n":"Tzatziki blini Maxi format - 330g","p":2.79,"u":"8,45 €/KG","img":"https://fd8-photos.leclercdrive.fr/image.ashx?id=2298592&use=l&cat=p&typeid=i","cat":315999},{"id":17825,"n":"Blinis cocktail Blini 2x170g","p":2.99,"u":"8,79 €/KG","img":"https://fd8-photos.leclercdrive.fr/image.ashx?id=2974620&use=l&cat=p&typeid=i","cat":285191},{"id":17845,"n":"Saumon crème fraîche Marie Fondue poireaux 400g","p":5.08,"u":"12,70 €/KG","img":"https://fd8-photos.leclercdrive.fr/image.ashx?id=2996785&use=l&cat=p&typeid=i","cat":319786},{"id":17899,"n":"Knacks pur porc Tradilège Fumées au bois x10 - 350g","p":1.55,"u":"4,43 €/KG","img":"https://fd8-photos.leclercdrive.fr/image.ashx?id=2448321&use=l&cat=p&typeid=i","cat":316012},{"id":17901,"n":"Macaroni d'Alsace NRT 250g","p":1.39,"u":"5,56 €/KG","img":"https://fd8-photos.leclercdrive.fr/image.ashx?id=2839989&use=l&cat=p&typeid=i","cat":284427},{"id":17917,"n":"Nettoyant canalisations Ouragan Fraîcheur mentholée - 1L","p":3.15,"u":"3,15 €/L","img":"https://fd8-photos.leclercdrive.fr/image.ashx?id=2367544&use=l&cat=p&typeid=i","cat":284662},{"id":17937,"n":"IGP Pruneaux d'agen Bio Village Bio - 250g","p":2.96,"u":"11,84 €/KG","img":"https://fd8-photos.leclercdrive.fr/image.ashx?id=2049211&use=l&cat=p&typeid=i","cat":284357},{"id":17938,"n":"Flan nappé caramel Bio Bio Village - 4x125g","p":1.99,"u":"3,98 €/KG","img":"https://fd8-photos.leclercdrive.fr/image.ashx?id=1079077&use=l&cat=p&typeid=i","cat":284420},{"id":17969,"n":"Purée de fruit NATURNES Pomme pêche 4M+ - 4x130g","p":1.99,"u":"3,83 €/KG","img":"https://fd8-photos.leclercdrive.fr/image.ashx?id=2629644&use=l&cat=p&typeid=i","cat":312387},{"id":18000,"n":"Lait céréales Blédidej 12 mois Chocolat biscuité - 4x250ml","p":3.69,"u":"3,69 €/L","img":"https://fd8-photos.leclercdrive.fr/image.ashx?id=2921028&use=l&cat=p&typeid=i","cat":312226},{"id":18002,"n":"Lait céréales Blédidej 12 mois Biscuité vanille - 4x250ml","p":3.59,"u":"3,59 €/L","img":"https://fd8-photos.leclercdrive.fr/image.ashx?id=2921034&use=l&cat=p&typeid=i","cat":312226},{"id":18003,"n":"Lait céréales Blédidej 12 mois Vanille chocolat - 4x250ml","p":3.55,"u":"3,55 €/L","img":"https://fd8-photos.leclercdrive.fr/image.ashx?id=2921031&use=l&cat=p&typeid=i","cat":312226},{"id":18066,"n":"Nouilles chinoises Suzi Wan En nid - 250g","p":1.57,"u":"6,28 €/KG","img":"https://fd8-photos.leclercdrive.fr/image.ashx?id=2886253&use=l&cat=p&typeid=i","cat":288992},{"id":18070,"n":"Fromage frais bio Bio Village Fruits panachés - 12x50g","p":2.76,"u":"4,60 €/KG","img":"https://fd8-photos.leclercdrive.fr/image.ashx?id=2992630&use=l&cat=p&typeid=i","cat":284409},{"id":18096,"n":"Plat bébé Blédina 8 mois  Légumes saumon - 2x200g","p":2.69,"u":"6,73 €/KG","img":"https://fd8-photos.leclercdrive.fr/image.ashx?id=2975059&use=l&cat=p&typeid=i","cat":312236},{"id":18100,"n":"Lait céréales bébé Blédiner 12m Légumes soir - 2x250ml","p":1.66,"u":"3,32 €/L","img":"https://fd8-photos.leclercdrive.fr/image.ashx?id=2960144&use=l&cat=p&typeid=i","cat":312239},{"id":18102,"n":"Lait céréales bébé Blédiner 6m Légume soir - 4x250ml","p":3.73,"u":"3,73 €/L","img":"https://fd8-photos.leclercdrive.fr/image.ashx?id=2730061&use=l&cat=p&typeid=i","cat":312239},{"id":18124,"n":"Pêche poire cerise  Douceur du Verger - 4x70g","p":2.79,"u":"9,96 €/KG","img":"https://fd8-photos.leclercdrive.fr/image.ashx?id=2149378&use=l&cat=p&typeid=i","cat":284507},{"id":18207,"n":"Lingettes démaquillantes Inell x25","p":1.34,"u":"0,05 €/P","img":"https://fd8-photos.leclercdrive.fr/image.ashx?id=2769579&use=l&cat=p&typeid=i","cat":284603},{"id":18208,"n":"Lingettes démaquillantes Inell x25","p":1.34,"u":"0,05 €/P","img":"https://fd8-photos.leclercdrive.fr/image.ashx?id=2752622&use=l&cat=p&typeid=i","cat":284603},{"id":18218,"n":"Chipolatas Férial x6 - 330g","p":3.49,"u":"10,58 €/KG","img":"https://fd8-photos.leclercdrive.fr/image.ashx?id=2837096&use=l&cat=p&typeid=i","cat":284334},{"id":18221,"n":"Lardons supérieurs Tradilège Nature - 2x100g","p":1.85,"u":"9,25 €/KG","img":"https://fd8-photos.leclercdrive.fr/image.ashx?id=2933340&use=l&cat=p&typeid=i","cat":316011},{"id":18222,"n":"Farce à légumes Férial 800g","p":6.95,"u":"8,69 €/KG","img":"https://fd8-photos.leclercdrive.fr/image.ashx?id=2922706&use=l&cat=p&typeid=i","cat":284332},{"id":18223,"n":"Lardons supérieurs Tradilège Fumés - 2x100g","p":1.85,"u":"9,25 €/KG","img":"https://fd8-photos.leclercdrive.fr/image.ashx?id=2933343&use=l&cat=p&typeid=i","cat":316011},{"id":18224,"n":"Allumettes Tradilège Nature - 2x100g","p":1.75,"u":"8,75 €/KG","img":"https://fd8-photos.leclercdrive.fr/image.ashx?id=2933349&use=l&cat=p&typeid=i","cat":316011},{"id":18225,"n":"Allumettes Tradilège Fumées - 2x100g","p":1.75,"u":"8,75 €/KG","img":"https://fd8-photos.leclercdrive.fr/image.ashx?id=2933346&use=l&cat=p&typeid=i","cat":316011},{"id":18227,"n":"Lardons supérieurs Tradilège Nature - 160g","p":1.5,"u":"9,38 €/KG","img":"https://fd8-photos.leclercdrive.fr/image.ashx?id=2751949&use=l&cat=p&typeid=i","cat":316011},{"id":18233,"n":"Poitrine Fumée Tradilège Tranches fines - 2x7T - 200g","p":2.48,"u":"12,40 €/KG","img":"https://fd8-photos.leclercdrive.fr/image.ashx?id=2852267&use=l&cat=p&typeid=i","cat":316011},{"id":18240,"n":"Mousse de canard Tradilège 2x50g","p":1.14,"u":"11,40 €/KG","img":"https://fd8-photos.leclercdrive.fr/image.ashx?id=2998886&use=l&cat=p&typeid=i","cat":316008},{"id":18245,"n":"Rillettes du Mans Tradilège 220g","p":1.45,"u":"6,59 €/KG","img":"https://fd8-photos.leclercdrive.fr/image.ashx?id=2548124&use=l&cat=p&typeid=i","cat":316008},{"id":18250,"n":"Saucisses Francfort Tradilège x4 240g","p":2.07,"u":"8,63 €/KG","img":"https://fd8-photos.leclercdrive.fr/image.ashx?id=2905955&use=l&cat=p&typeid=i","cat":316012},{"id":18252,"n":"Knacks Tradilège Fumées au bois - x6 - 210g","p":1.39,"u":"6,62 €/KG","img":"https://fd8-photos.leclercdrive.fr/image.ashx?id=2448318&use=l&cat=p&typeid=i","cat":316012},{"id":18257,"n":"Saucisses Cocktail Tradilège 400g","p":2.82,"u":"7,05 €/KG","img":"https://fd8-photos.leclercdrive.fr/image.ashx?id=2659082&use=l&cat=p&typeid=i","cat":316012},{"id":18258,"n":"Saucisse Tradilège Mini Knacks Pot micro ondable 200g","p":2.59,"u":"12,95 €/KG","img":"https://fd8-photos.leclercdrive.fr/image.ashx?id=2930921&use=l&cat=p&typeid=i","cat":316012},{"id":18262,"n":"Cervelas supérieur Tradilège 300g","p":2.08,"u":"6,93 €/KG","img":"https://fd8-photos.leclercdrive.fr/image.ashx?id=2421636&use=l&cat=p&typeid=i","cat":316012},{"id":18266,"n":"Dés de jambon Tradilège 2x75g","p":1.49,"u":"9,93 €/KG","img":"https://fd8-photos.leclercdrive.fr/image.ashx?id=2925732&use=l&cat=p&typeid=i","cat":316011},{"id":18267,"n":"Allumettes de jambon Tradilège 2x75g","p":1.06,"u":"7,07 €/KG","img":"https://fd8-photos.leclercdrive.fr/image.ashx?id=2925716&use=l&cat=p&typeid=i","cat":316011},{"id":18268,"n":"Rôti de porc Tradilège 4 tranches 160g","p":2.12,"u":"13,25 €/KG","img":"https://fd8-photos.leclercdrive.fr/image.ashx?id=2984173&use=l&cat=p&typeid=i","cat":316009},{"id":18279,"n":"Dés de poulet Tradilège 2x75g","p":2.82,"u":"18,80 €/KG","img":"https://fd8-photos.leclercdrive.fr/image.ashx?id=2984185&use=l&cat=p&typeid=i","cat":316011},{"id":18347,"n":"Porc : Paupiette Férial x6 780g","p":7.78,"u":"9,97 €/KG","img":"https://fd8-photos.leclercdrive.fr/image.ashx?id=2852291&use=l&cat=p&typeid=i","cat":284331},{"id":18351,"n":"Fromage à tartiner Les Croisés Nature - 25%mg - 150g","p":1.24,"u":"8,27 €/KG","img":"https://fd8-photos.leclercdrive.fr/image.ashx?id=1671226&use=l&cat=p&typeid=i","cat":314029},{"id":18353,"n":"Mini viennoiseries 12p","p":3.93,"u":"0,33 €/P","img":"https://fd8-photos.leclercdrive.fr/image.ashx?id=599241&use=l&cat=p&typeid=i","cat":284984},{"id":18362,"n":"Biscuit bébé Blédina 10 mois Boudoir - 120g","p":1.95,"u":"16,25 €/KG","img":"https://fd8-photos.leclercdrive.fr/image.ashx?id=2801114&use=l&cat=p&typeid=i","cat":312227},{"id":18363,"n":"Pots bébé bio Babybio Maïs poulet - 8 mois - 2x200g","p":2.75,"u":"6,88 €/KG","img":"https://fd8-photos.leclercdrive.fr/image.ashx?id=2827461&use=l&cat=p&typeid=i","cat":312236},{"id":18364,"n":"Haricots rouges D'aucy  250g","p":1.0,"u":"4,00 €/KG","img":"https://fd8-photos.leclercdrive.fr/image.ashx?id=2538434&use=l&cat=p&typeid=i","cat":312606},{"id":18375,"n":"Petits pois carottes d''Aucy Extra fins - 265g","p":1.15,"u":"4,34 €/KG","img":"https://fd8-photos.leclercdrive.fr/image.ashx?id=2475324&use=l&cat=p&typeid=i","cat":312607},{"id":18387,"n":"Herbes de Provence Ducros Barbecue - 100g","p":1.12,"u":"11,20 €/KG","img":"https://fd8-photos.leclercdrive.fr/image.ashx?id=2414717&use=l&cat=p&typeid=i","cat":298297},{"id":18389,"n":"Poivre Ducros Spécial moulin - 100g","p":2.58,"u":"25,80 €/KG","img":"https://fd8-photos.leclercdrive.fr/image.ashx?id=2559439&use=l&cat=p&typeid=i","cat":284457},{"id":18394,"n":"Persil Ducros 30g","p":1.83,"u":"61,00 €/KG","img":"https://fd8-photos.leclercdrive.fr/image.ashx?id=2486554&use=l&cat=p&typeid=i","cat":298297},{"id":18399,"n":"Poivre gris moulu Ducros 2x18g","p":1.36,"u":"37,78 €/KG","img":"https://fd8-photos.leclercdrive.fr/image.ashx?id=2759454&use=l&cat=p&typeid=i","cat":298297},{"id":18403,"n":"Poivre saveur et épices Ducros Moulin - 30g","p":1.93,"u":"64,33 €/KG","img":"https://fd8-photos.leclercdrive.fr/image.ashx?id=2353698&use=l&cat=p&typeid=i","cat":284457},{"id":18404,"n":"Safran moulu Ducros 4 doses - 0.4g","p":3.49,"img":"https://fd8-photos.leclercdrive.fr/image.ashx?id=2580490&use=l&cat=p&typeid=i","cat":298297},{"id":18408,"n":"Thon entier Pêche Océan Naturel - 140g","p":1.9,"u":"13,57 €/KG","img":"https://fd8-photos.leclercdrive.fr/image.ashx?id=2942187&use=l&cat=p&typeid=i","cat":303867},{"id":18409,"n":"Thon entier Pêche Océan Naturel - 93g","p":1.39,"u":"14,95 €/KG","img":"https://fd8-photos.leclercdrive.fr/image.ashx?id=2943635&use=l&cat=p&typeid=i","cat":303867},{"id":18410,"n":"Pâtées chat Gold Gourmet Les noisettes -  12x85g","p":6.03,"u":"5,91 €/KG","img":"https://fd8-photos.leclercdrive.fr/image.ashx?id=2908318&use=l&cat=p&typeid=i","cat":285286},{"id":18437,"n":"Allumettes Bacon Tradilège Fumées - 2x100g","p":1.74,"u":"8,70 €/KG","img":"https://fd8-photos.leclercdrive.fr/image.ashx?id=2905952&use=l&cat=p&typeid=i","cat":316011},{"id":18441,"n":"Pur jus de fruits Jafaden Mandarine - 1L","p":2.39,"u":"2,39 €/L","img":"https://fd8-photos.leclercdrive.fr/image.ashx?id=2956044&use=l&cat=p&typeid=i","cat":284915},{"id":18448,"n":"Mousse de canard Tradilège 220g","p":2.29,"u":"10,41 €/KG","img":"https://fd8-photos.leclercdrive.fr/image.ashx?id=2994830&use=l&cat=p&typeid=i","cat":316008},{"id":18501,"n":"Aromat Knorr 70g","p":1.22,"u":"17,43 €/KG","img":"https://fd8-photos.leclercdrive.fr/image.ashx?id=2866750&use=l&cat=p&typeid=i","cat":298297},{"id":18521,"n":"Papier toilette Mimosa Blanc double épaisseur - x12","p":2.85,"u":"0,24 €/P","img":"https://fd8-photos.leclercdrive.fr/image.ashx?id=2783343&use=l&cat=p&typeid=i","cat":284634},{"id":18562,"n":"Feuille papier calque Esquisse x12 21x29,7cm","p":1.19,"img":"https://fd8-photos.leclercdrive.fr/image.ashx?id=2943172&use=l&cat=p&typeid=i","cat":284697},{"id":18564,"n":"Papier millimétré Esquisse 21x29,7cm - x12","p":1.19,"img":"https://fd8-photos.leclercdrive.fr/image.ashx?id=2943175&use=l&cat=p&typeid=i","cat":284697},{"id":18577,"n":"Papier toilette Mimosa Blanc - Ultra doux - x24","p":4.33,"u":"0,18 €/P","img":"https://fd8-photos.leclercdrive.fr/image.ashx?id=2777851&use=l&cat=p&typeid=i","cat":284634},{"id":18589,"n":"Pastis Berger 45%vol - 1L","p":20.79,"u":"20,79 €/L","img":"https://fd8-photos.leclercdrive.fr/image.ashx?id=1898651&use=l&cat=p&typeid=i","cat":284548},{"id":18598,"n":"Yaourts à la Grecque Délisse Mûre Framboise - 4x150g","p":1.99,"u":"3,32 €/KG","img":"https://fd8-photos.leclercdrive.fr/image.ashx?id=2699441&use=l&cat=p&typeid=i","cat":314999},{"id":18665,"n":"Endive rouge Perles du Nord Spécial salade x4","p":2.85,"u":"0,71 €/P","img":"https://fd8-photos.leclercdrive.fr/image.ashx?id=2839487&use=l&cat=p&typeid=i","cat":284352},{"id":18669,"n":"Snacks Tokapi 4 saveurs - 100g","p":0.87,"u":"8,70 €/KG","img":"https://fd8-photos.leclercdrive.fr/image.ashx?id=2884234&use=l&cat=p&typeid=i","cat":284449},{"id":18670,"n":"Tuiles Tokapi Bacon - 170g","p":1.39,"u":"8,18 €/KG","img":"https://fd8-photos.leclercdrive.fr/image.ashx?id=2657205&use=l&cat=p&typeid=i","cat":287899},{"id":18671,"n":"Tuiles Tokapi Paprika - 170g","p":1.35,"u":"7,94 €/KG","img":"https://fd8-photos.leclercdrive.fr/image.ashx?id=2632852&use=l&cat=p&typeid=i","cat":287899},{"id":18723,"n":"Boulettes provençale Férial x12 - 300g","p":3.95,"u":"13,17 €/KG","img":"https://fd8-photos.leclercdrive.fr/image.ashx?id=2816627&use=l&cat=p&typeid=i","cat":284332},{"id":18746,"n":"Pavés de boeuf à l'échalote Férial x2 - 240g","p":4.79,"u":"19,96 €/KG","img":"https://fd8-photos.leclercdrive.fr/image.ashx?id=2854273&use=l&cat=p&typeid=i","cat":284328},{"id":18747,"n":"Pavés de boeuf marinés 3 poivre Férial x2 - 240g","p":4.75,"u":"19,79 €/KG","img":"https://fd8-photos.leclercdrive.fr/image.ashx?id=2854276&use=l&cat=p&typeid=i","cat":284328},{"id":18748,"n":"Pavés de boeuf marinés nature F x2 - 240g","p":4.99,"u":"20,79 €/KG","img":"https://fd8-photos.leclercdrive.fr/image.ashx?id=2854270&use=l&cat=p&typeid=i","cat":284328},{"id":18749,"n":"Carpaccio au Basilic Férial - 200g","p":4.35,"u":"21,75 €/KG","img":"https://fd8-photos.leclercdrive.fr/image.ashx?id=2930549&use=l&cat=p&typeid=i","cat":284328},{"id":18754,"n":"Boulettes nature Férial x12 - 300g","p":3.99,"u":"13,30 €/KG","img":"https://fd8-photos.leclercdrive.fr/image.ashx?id=2816624&use=l&cat=p&typeid=i","cat":284332},{"id":18953,"n":"Thon entier Pêche Océan Naturel - 186g","p":2.5,"u":"13,44 €/KG","img":"https://fd8-photos.leclercdrive.fr/image.ashx?id=2942193&use=l&cat=p&typeid=i","cat":303867},{"id":18968,"n":"Gâteaux mini marbrés P'tit Déli Chocolat x7 - 189g","p":1.59,"u":"8,41 €/KG","img":"https://fd8-photos.leclercdrive.fr/image.ashx?id=1947360&use=l&cat=p&typeid=i","cat":284495},{"id":18983,"n":"Crème glacée Eskiss Noix de coco - 494g","p":2.82,"u":"5,71 €/KG","img":"https://fd8-photos.leclercdrive.fr/image.ashx?id=2982607&use=l&cat=p&typeid=i","cat":284263},{"id":18996,"n":"Confiture Bonne Maman 4 fruits rouges - 370g","p":2.45,"u":"6,62 €/KG","img":"https://fd8-photos.leclercdrive.fr/image.ashx?id=2547474&use=l&cat=p&typeid=i","cat":284480},{"id":19022,"n":"Sirop Frucci Orange - 1L","p":4.26,"u":"4,26 €/L","img":"https://fd8-photos.leclercdrive.fr/image.ashx?id=2954070&use=l&cat=p&typeid=i","cat":295020},{"id":19023,"n":"Sirop Frucci Citron - 1L","p":2.04,"u":"2,04 €/L","img":"https://fd8-photos.leclercdrive.fr/image.ashx?id=2955656&use=l&cat=p&typeid=i","cat":295020},{"id":19066,"n":"Vodka Poliakov 37,5%vol - 1L","p":16.19,"u":"16,19 €/L","img":"https://fd8-photos.leclercdrive.fr/image.ashx?id=2576916&use=l&cat=p&typeid=i","cat":284550},{"id":19098,"n":"Cookies gros éclats Granola Chocolat - 184g","p":2.13,"u":"11,58 €/KG","img":"https://fd8-photos.leclercdrive.fr/image.ashx?id=2996413&use=l&cat=p&typeid=i","cat":325066},{"id":19102,"n":"Croquettes chat Purina One Stérilisé-Saumon/Céréales-1,5kg","p":6.99,"u":"4,66 €/KG","img":"https://fd8-photos.leclercdrive.fr/image.ashx?id=2541268&use=l&cat=p&typeid=i","cat":284680},{"id":19109,"n":"Café moulu Bio Ethiquable  100% Arabica Equateur - 250g","p":4.05,"u":"16,20 €/KG","img":"https://fd8-photos.leclercdrive.fr/image.ashx?id=2875153&use=l&cat=p&typeid=i","cat":284750},{"id":19110,"n":"Boeuf Bourguignon Côté Table 300g","p":2.04,"u":"6,80 €/KG","img":"https://fd8-photos.leclercdrive.fr/image.ashx?id=2517679&use=l&cat=p&typeid=i","cat":284953},{"id":19116,"n":"Céréales croustillants Bio bjorg  chocolat noir - 500g","p":3.69,"u":"7,38 €/KG","img":"https://fd8-photos.leclercdrive.fr/image.ashx?id=2972967&use=l&cat=p&typeid=i","cat":309512},{"id":19138,"n":"Semoule Couscous Bio Village Semi complet Bio - 500g","p":1.95,"u":"3,90 €/KG","img":"https://fd8-photos.leclercdrive.fr/image.ashx?id=2814217&use=l&cat=p&typeid=i","cat":284429},{"id":19146,"n":"Cappelletti bio Céréal Bio tofu et Chèvre express-220g","p":1.79,"u":"8,14 €/KG","img":"https://fd8-photos.leclercdrive.fr/image.ashx?id=2642372&use=l&cat=p&typeid=i","cat":287600},{"id":19149,"n":"Huile d'olive Bio Soléou Vierge extra - 1L","p":8.29,"u":"8,29 €/L","img":"https://fd8-photos.leclercdrive.fr/image.ashx?id=2559008&use=l&cat=p&typeid=i","cat":284453},{"id":19152,"n":"Huile d'olive Bio Soleou Vierge extra fruttato - 75cl","p":10.25,"u":"13,67 €/L","img":"https://fd8-photos.leclercdrive.fr/image.ashx?id=2732614&use=l&cat=p&typeid=i","cat":284453},{"id":19155,"n":"Farine de blé Bio Francine 1kg","p":2.15,"u":"2,15 €/KG","img":"https://fd8-photos.leclercdrive.fr/image.ashx?id=2989117&use=l&cat=p&typeid=i","cat":284503},{"id":19199,"n":"Pain de mie La Boulangère à la  Farine complète Bio - 500g","p":2.14,"u":"4,28 €/KG","img":"https://fd8-photos.leclercdrive.fr/image.ashx?id=2912386&use=l&cat=p&typeid=i","cat":284477},{"id":19202,"n":"Galettes bio Bio Village 4 céréales x17 - 130g","p":0.99,"u":"7,62 €/KG","img":"https://fd8-photos.leclercdrive.fr/image.ashx?id=2816154&use=l&cat=p&typeid=i","cat":318651},{"id":19203,"n":"Flocons d'avoine complet Bjorg Bio 500g","p":1.99,"u":"3,98 €/KG","img":"https://fd8-photos.leclercdrive.fr/image.ashx?id=2906151&use=l&cat=p&typeid=i","cat":309512},{"id":19208,"n":"Biscuits nappés Bio Village Chocolat noir Bio 200g","p":2.62,"u":"13,10 €/KG","img":"https://fd8-photos.leclercdrive.fr/image.ashx?id=1937510&use=l&cat=p&typeid=i","cat":284488},{"id":19211,"n":"Lentilles Préparées Cassegrain Tendres et Fondants 265g","p":1.85,"u":"6,98 €/KG","img":"https://fd8-photos.leclercdrive.fr/image.ashx?id=2952460&use=l&cat=p&typeid=i","cat":312609},{"id":19231,"n":"Petit Pois Cassegrain Tendres et Fondants 140g","p":1.26,"u":"9,00 €/KG","img":"https://fd8-photos.leclercdrive.fr/image.ashx?id=2912974&use=l&cat=p&typeid=i","cat":312607},{"id":19232,"n":"Printanière Cassegrain Carotte, Petit Pois, Champignon - 265g","p":1.98,"u":"7,47 €/KG","img":"https://fd8-photos.leclercdrive.fr/image.ashx?id=2913001&use=l&cat=p&typeid=i","cat":312612},{"id":19239,"n":"Fruits au sirop St Mamet Pêches - 475g","p":2.31,"u":"4,86 €/KG","img":"https://fd8-photos.leclercdrive.fr/image.ashx?id=2630217&use=l&cat=p&typeid=i","cat":284507},{"id":19240,"n":"Fruits au sirop St Mamet Poires Williams - 465g","p":2.86,"u":"6,15 €/KG","img":"https://fd8-photos.leclercdrive.fr/image.ashx?id=2630223&use=l&cat=p&typeid=i","cat":284507},{"id":19255,"n":"Croquettes chat Purina One Light Adulte -Poulet/Blé -1,5kg","p":6.99,"u":"4,66 €/KG","img":"https://fd8-photos.leclercdrive.fr/image.ashx?id=2432010&use=l&cat=p&typeid=i","cat":284680},{"id":19256,"n":"Croquettes chat Purina One Adulte d'intérieur-Dinde -1,5kg","p":6.47,"u":"4,31 €/KG","img":"https://fd8-photos.leclercdrive.fr/image.ashx?id=2902271&use=l&cat=p&typeid=i","cat":284680},{"id":19257,"n":"Croquettes chat Purina One Sensible Adulte-Dinde/Riz-450g","p":2.75,"u":"6,11 €/KG","img":"https://fd8-photos.leclercdrive.fr/image.ashx?id=2459658&use=l&cat=p&typeid=i","cat":284680},{"id":19258,"n":"Croquettes chat Plénima Premium Stérilisé - 450g","p":1.75,"u":"3,89 €/KG","img":"https://fd8-photos.leclercdrive.fr/image.ashx?id=1943373&use=l&cat=p&typeid=i","cat":284680},{"id":19279,"n":"Sucre de canne Daddy En morceaux - 1kg","p":1.72,"u":"1,72 €/KG","img":"https://fd8-photos.leclercdrive.fr/image.ashx?id=2908576&use=l&cat=p&typeid=i","cat":284502},{"id":19285,"n":"Sauce crudités Rustica Fines herbes - 50cl","p":0.88,"u":"1,76 €/L","img":"https://fd8-photos.leclercdrive.fr/image.ashx?id=1972916&use=l&cat=p&typeid=i","cat":284456},{"id":19291,"n":"Mélange Apérifruits Vico Fruits exotiques - 120g","p":1.85,"u":"15,42 €/KG","img":"https://fd8-photos.leclercdrive.fr/image.ashx?id=2333540&use=l&cat=p&typeid=i","cat":284448},{"id":19293,"n":"Lait céréales bébé Blédiner 12m Carotte pois soir - 2x250ml","p":1.89,"u":"3,78 €/L","img":"https://fd8-photos.leclercdrive.fr/image.ashx?id=2949856&use=l&cat=p&typeid=i","cat":312239},{"id":19296,"n":"Gressins Tokapi Sésame - 125g","p":1.17,"u":"9,36 €/KG","img":"https://fd8-photos.leclercdrive.fr/image.ashx?id=1993574&use=l&cat=p&typeid=i","cat":297000},{"id":19297,"n":"Lait céréales bébé Blédiner 6m Potiron soir - 2x250ml","p":1.85,"u":"3,70 €/L","img":"https://fd8-photos.leclercdrive.fr/image.ashx?id=2960141&use=l&cat=p&typeid=i","cat":312239},{"id":19298,"n":"Gressins Tokapi  Huile d'olive romarin - 125g","p":1.41,"u":"11,28 €/KG","img":"https://fd8-photos.leclercdrive.fr/image.ashx?id=1993577&use=l&cat=p&typeid=i","cat":297000},{"id":19301,"n":"Céréales Tipiak Méditerranéennes 2x200g","p":2.15,"u":"5,38 €/KG","img":"https://fd8-photos.leclercdrive.fr/image.ashx?id=2766253&use=l&cat=p&typeid=i","cat":284429},{"id":19303,"n":"Mini penne Turini 500g","p":0.98,"u":"1,96 €/KG","img":"https://fd8-photos.leclercdrive.fr/image.ashx?id=3015063&use=l&cat=p&typeid=i","cat":284427},{"id":19305,"n":"Pâtes Spaghetti Panzani 3 Minutes - 500G","p":1.32,"u":"2,64 €/KG","img":"https://fd8-photos.leclercdrive.fr/image.ashx?id=3008035&use=l&cat=p&typeid=i","cat":284427},{"id":19308,"n":"Epices pour guacamole Old el paso - 20g","p":1.12,"u":"56,00 €/KG","img":"https://fd8-photos.leclercdrive.fr/image.ashx?id=2858168&use=l&cat=p&typeid=i","cat":288993},{"id":19313,"n":"Tartelettes Bonne Maman A la framboise étui 135g","p":1.55,"u":"11,48 €/KG","img":"https://fd8-photos.leclercdrive.fr/image.ashx?id=2984383&use=l&cat=p&typeid=i","cat":284489},{"id":19319,"n":"Cookies Eco+ Pépites de chocolat - 200g","p":0.92,"u":"4,60 €/KG","img":"https://fd8-photos.leclercdrive.fr/image.ashx?id=2821875&use=l&cat=p&typeid=i","cat":325066},{"id":19347,"n":"Allume-feu Silex liquide 1L","p":3.99,"u":"3,99 €/L","img":"https://fd8-photos.leclercdrive.fr/image.ashx?id=2779193&use=l&cat=p&typeid=i","cat":300578},{"id":19353,"n":"Mao Croqui Haribo Sachet bonbons - 250g","p":1.46,"u":"5,84 €/KG","img":"https://fd8-photos.leclercdrive.fr/image.ashx?id=2805192&use=l&cat=p&typeid=i","cat":304250},{"id":19356,"n":"Infusion bio Jardin Bio Thym Menthe - x20 sachets - 30g","p":1.76,"u":"58,67 €/KG","img":"https://fd8-photos.leclercdrive.fr/image.ashx?id=2792654&use=l&cat=p&typeid=i","cat":293234},{"id":19364,"n":"Madeleines extra Ker Cadélac Coquilles moelleuses x24 - 600g","p":3.29,"u":"5,48 €/KG","img":"https://fd8-photos.leclercdrive.fr/image.ashx?id=2939511&use=l&cat=p&typeid=i","cat":284492},{"id":19366,"n":"Barres céréales Grany Chocolat - 125g","p":1.99,"u":"15,92 €/KG","img":"https://fd8-photos.leclercdrive.fr/image.ashx?id=2773613&use=l&cat=p&typeid=i","cat":285869},{"id":19368,"n":"Barres céréales Grany Noisettes - 125g","p":2.09,"u":"16,72 €/KG","img":"https://fd8-photos.leclercdrive.fr/image.ashx?id=2773607&use=l&cat=p&typeid=i","cat":285869},{"id":19386,"n":"Méli mélo céréales lég Tipiak 330g","p":1.53,"u":"4,64 €/KG","img":"https://fd8-photos.leclercdrive.fr/image.ashx?id=2563715&use=l&cat=p&typeid=i","cat":284429},{"id":19392,"n":"Café moulu Eco+ Robusta - 4x250g","p":8.89,"u":"8,89 €/KG","img":"https://fd8-photos.leclercdrive.fr/image.ashx?id=2700954&use=l&cat=p&typeid=i","cat":284750},{"id":19393,"n":"Café moulu Eco+ Décaféiné - 250g","p":2.63,"u":"10,52 €/KG","img":"https://fd8-photos.leclercdrive.fr/image.ashx?id=2784171&use=l&cat=p&typeid=i","cat":284750},{"id":19408,"n":"Soupe Velouté Bio Village Bio Légumes verts - 1L","p":2.42,"u":"2,42 €/L","img":"https://fd8-photos.leclercdrive.fr/image.ashx?id=2352237&use=l&cat=p&typeid=i","cat":284462},{"id":19411,"n":"Compote Allégée en sucres Eco+ Coupelle pomme - 4x100g","p":0.55,"u":"1,38 €/KG","img":"https://fd8-photos.leclercdrive.fr/image.ashx?id=1961398&use=l&cat=p&typeid=i","cat":284508},{"id":19416,"n":"Dessert fruitier Andros Pomme allégé 730g","p":1.25,"u":"1,71 €/KG","img":"https://fd8-photos.leclercdrive.fr/image.ashx?id=2369930&use=l&cat=p&typeid=i","cat":284508},{"id":19418,"n":"Pâtes serpentini Turini 500g","p":0.84,"u":"1,68 €/KG","img":"https://fd8-photos.leclercdrive.fr/image.ashx?id=2744231&use=l&cat=p&typeid=i","cat":284427},{"id":19420,"n":"Pâtes Torsades Turini Nature tomate épinard - 500g","p":1.1,"u":"2,20 €/KG","img":"https://fd8-photos.leclercdrive.fr/image.ashx?id=2607485&use=l&cat=p&typeid=i","cat":284427},{"id":19424,"n":"Spaghetti Turini Au blé complet - 500g","p":0.95,"u":"1,90 €/KG","img":"https://fd8-photos.leclercdrive.fr/image.ashx?id=2607497&use=l&cat=p&typeid=i","cat":284427},{"id":19426,"n":"Gâteaux L'Ourson Lulu LU Chocolat - 150g","p":1.57,"u":"10,47 €/KG","img":"https://fd8-photos.leclercdrive.fr/image.ashx?id=3014425&use=l&cat=p&typeid=i","cat":284495},{"id":19427,"n":"Pâtes penne Turini Blé complet - 500g","p":1.0,"u":"2,00 €/KG","img":"https://fd8-photos.leclercdrive.fr/image.ashx?id=2607500&use=l&cat=p&typeid=i","cat":284427},{"id":19432,"n":"Pains au chocolat Eco+ x10 - 450g","p":1.55,"u":"3,44 €/KG","img":"https://fd8-photos.leclercdrive.fr/image.ashx?id=2927833&use=l&cat=p&typeid=i","cat":296366},{"id":19435,"n":"Barres de céréales Special K Kellogg's Chocolat lait - 6x20g","p":2.25,"u":"18,75 €/KG","img":"https://fd8-photos.leclercdrive.fr/image.ashx?id=2306366&use=l&cat=p&typeid=i","cat":285869},{"id":19440,"n":"Flageolets d'aucy  Extra-fins - 530g","p":1.85,"u":"3,49 €/KG","img":"https://fd8-photos.leclercdrive.fr/image.ashx?id=2486152&use=l&cat=p&typeid=i","cat":312606},{"id":19442,"n":"Flageolets d'aucy  Extra-fins - 265g","p":1.01,"u":"3,81 €/KG","img":"https://fd8-photos.leclercdrive.fr/image.ashx?id=2503437&use=l&cat=p&typeid=i","cat":312606},{"id":19455,"n":"Confiture bio Jardin Bio Allégée framboises - 320g","p":2.35,"u":"7,34 €/KG","img":"https://fd8-photos.leclercdrive.fr/image.ashx?id=2537580&use=l&cat=p&typeid=i","cat":284480},{"id":19463,"n":"Sticks dentaires Lydog Moyen chien - x7 - 180g","p":1.39,"u":"7,72 €/KG","img":"https://fd8-photos.leclercdrive.fr/image.ashx?id=1878598&use=l&cat=p&typeid=i","cat":294527},{"id":19471,"n":"Mélange Le Sélect Vico Graines variées - 100g","p":2.65,"u":"26,50 €/KG","img":"https://fd8-photos.leclercdrive.fr/image.ashx?id=2569839&use=l&cat=p&typeid=i","cat":284448},{"id":19474,"n":"Assiettes Ardence Dessert carrées 15.5cm x25","p":2.3,"img":"https://fd8-photos.leclercdrive.fr/image.ashx?id=951295&use=l&cat=p&typeid=i","cat":334134},{"id":19475,"n":"Assiettes Ardence Biodégradables 26cm x10","p":2.99,"u":"0,30 €/P","img":"https://fd8-photos.leclercdrive.fr/image.ashx?id=951291&use=l&cat=p&typeid=i","cat":334134},{"id":19487,"n":"Cassoulet Toulousain   Raynal Et Roquelaure - 840g","p":4.59,"u":"5,46 €/KG","img":"https://fd8-photos.leclercdrive.fr/image.ashx?id=2928387&use=l&cat=p&typeid=i","cat":284440},{"id":19491,"n":"Couscous tunisien Côté Table Kefta merguez - 300g","p":2.19,"u":"7,30 €/KG","img":"https://fd8-photos.leclercdrive.fr/image.ashx?id=2900097&use=l&cat=p&typeid=i","cat":284953},{"id":19493,"n":"Colin d'alaska Côté Table Barquette micro-ondable 300g","p":1.99,"u":"6,63 €/KG","img":"https://fd8-photos.leclercdrive.fr/image.ashx?id=2770311&use=l&cat=p&typeid=i","cat":284953},{"id":19505,"n":"Olives vertes Crespo Dénoyautées 160g","p":1.99,"u":"12,44 €/KG","img":"https://fd8-photos.leclercdrive.fr/image.ashx?id=2616895&use=l&cat=p&typeid=i","cat":284458},{"id":19535,"n":"Stick lèvres Inell Nourrissant - 2 pièces","p":1.99,"u":"1,00 €/P","img":"https://fd8-photos.leclercdrive.fr/image.ashx?id=2841622&use=l&cat=p&typeid=i","cat":285485},{"id":19542,"n":"Filets de saumon rose Findus Pacifique - MSC - x4 - 400g","p":11.3,"u":"28,25 €/KG","img":"https://fd8-photos.leclercdrive.fr/image.ashx?id=2735326&use=l&cat=p&typeid=i","cat":319786},{"id":19601,"n":"Gâteaux marbrés P'tit Déli x14 378g","p":2.97,"u":"7,86 €/KG","img":"https://fd8-photos.leclercdrive.fr/image.ashx?id=1947363&use=l&cat=p&typeid=i","cat":284495},{"id":19604,"n":"Gâteaux P'tit Déli A base de yaourt x7 - 189g","p":1.88,"u":"9,95 €/KG","img":"https://fd8-photos.leclercdrive.fr/image.ashx?id=2059086&use=l&cat=p&typeid=i","cat":294776},{"id":19609,"n":"Tuiles Tokapi Fromage - 170g","p":1.39,"u":"8,18 €/KG","img":"https://fd8-photos.leclercdrive.fr/image.ashx?id=2647426&use=l&cat=p&typeid=i","cat":287899},{"id":19611,"n":"Soupe Velouté Régal Soupe Tomates - 2x30cl","p":1.49,"u":"2,48 €/L","img":"https://fd8-photos.leclercdrive.fr/image.ashx?id=2819271&use=l&cat=p&typeid=i","cat":284462},{"id":19617,"n":"Soupe Boeuf tomates Régal Soupe Vermicelles - 54g","p":0.99,"u":"18,33 €/KG","img":"https://fd8-photos.leclercdrive.fr/image.ashx?id=2663278&use=l&cat=p&typeid=i","cat":284463},{"id":19622,"n":"Soupe Minestrone Régal Soupe Déshydratée - 104g","p":0.68,"u":"6,54 €/KG","img":"https://fd8-photos.leclercdrive.fr/image.ashx?id=2663275&use=l&cat=p&typeid=i","cat":284463},{"id":19625,"n":"Mini goûters P'tit Déli Fraise 168g","p":1.13,"u":"6,73 €/KG","img":"https://fd8-photos.leclercdrive.fr/image.ashx?id=2310498&use=l&cat=p&typeid=i","cat":284489},{"id":19633,"n":"Soufflés Tornades Tokapi Nature - 85g","p":0.69,"u":"8,12 €/KG","img":"https://fd8-photos.leclercdrive.fr/image.ashx?id=1855969&use=l&cat=p&typeid=i","cat":284449},{"id":19635,"n":"Soufflés Tornades Tokapi Bacon - 85g","p":0.68,"u":"8,00 €/KG","img":"https://fd8-photos.leclercdrive.fr/image.ashx?id=1855966&use=l&cat=p&typeid=i","cat":284449},{"id":19643,"n":"Muesli Floconneux Bio Village Fruits secs Bio - 500g","p":2.13,"u":"4,26 €/KG","img":"https://fd8-photos.leclercdrive.fr/image.ashx?id=2949224&use=l&cat=p&typeid=i","cat":309512},{"id":19659,"n":"Poêlée landaise Côté Table Surgelée - 900g","p":5.79,"u":"6,43 €/KG","img":"https://fd8-photos.leclercdrive.fr/image.ashx?id=2762629&use=l&cat=p&typeid=i","cat":319823},{"id":19684,"n":"tofu nature bio bjorg  - 2x200g","p":2.41,"u":"6,03 €/KG","img":"https://fd8-photos.leclercdrive.fr/image.ashx?id=2907979&use=l&cat=p&typeid=i","cat":284953},{"id":19693,"n":"Cornichons paysanne Kühne Bocal - 850g","p":2.7,"u":"3,18 €/KG","img":"https://fd8-photos.leclercdrive.fr/image.ashx?id=2551465&use=l&cat=p&typeid=i","cat":284458},{"id":19699,"n":"Sucre pure canne blond Beghin Say - 1kg","p":3.09,"u":"3,09 €/KG","img":"https://fd8-photos.leclercdrive.fr/image.ashx?id=2977321&use=l&cat=p&typeid=i","cat":284502},{"id":19700,"n":"Sucre spécial confiture Daddy 1kg","p":2.21,"u":"2,21 €/KG","img":"https://fd8-photos.leclercdrive.fr/image.ashx?id=2975858&use=l&cat=p&typeid=i","cat":284502},{"id":19701,"n":"Salade Piémontaise Petit Navire Au thon - 220g","p":1.68,"u":"7,64 €/KG","img":"https://fd8-photos.leclercdrive.fr/image.ashx?id=2829655&use=l&cat=p&typeid=i","cat":284437},{"id":19702,"n":"Sucre en poudre Béghin Say 750g","p":1.05,"u":"1,40 €/KG","img":"https://fd8-photos.leclercdrive.fr/image.ashx?id=2866352&use=l&cat=p&typeid=i","cat":284502},{"id":19704,"n":"Sardines NRT St-Gilles Label Rouge à l'huile - 115g","p":2.25,"u":"19,57 €/KG","img":"https://fd8-photos.leclercdrive.fr/image.ashx?id=2791090&use=l&cat=p&typeid=i","cat":305146},{"id":19723,"n":"Sacs congélation zip Elembal Grand x15","p":1.8,"u":"0,12 €/P","img":"https://fd8-photos.leclercdrive.fr/image.ashx?id=2751889&use=l&cat=p&typeid=i","cat":334134},{"id":19729,"n":"Biscuit P'tit Déli Palmiers Chocolat au lait 110g","p":1.25,"u":"11,36 €/KG","img":"https://fd8-photos.leclercdrive.fr/image.ashx?id=2573403&use=l&cat=p&typeid=i","cat":284488},{"id":19732,"n":"Les p'tites spirales P'tit Déli Chocolat  x6 - 150g","p":1.35,"u":"9,00 €/KG","img":"https://fd8-photos.leclercdrive.fr/image.ashx?id=2660422&use=l&cat=p&typeid=i","cat":284495},{"id":19743,"n":"Déodorant atomiseur Carré Homme Musc 200ml","p":1.35,"u":"6,75 €/L","img":"https://fd8-photos.leclercdrive.fr/image.ashx?id=2375998&use=l&cat=p&typeid=i","cat":284618},{"id":19744,"n":"Déodorant atomiseur Carré Homme Marine 200ml","p":1.35,"u":"6,75 €/L","img":"https://fd8-photos.leclercdrive.fr/image.ashx?id=2390707&use=l&cat=p&typeid=i","cat":284618},{"id":19756,"n":"Gaufres fines du Nord NRT 300g","p":3.5,"u":"11,67 €/KG","img":"https://fd8-photos.leclercdrive.fr/image.ashx?id=2622320&use=l&cat=p&typeid=i","cat":284487},{"id":19758,"n":"Essuie-tout Bobine Uni Vert Compact - 500 feuilles x1","p":4.5,"img":"https://fd8-photos.leclercdrive.fr/image.ashx?id=2684826&use=l&cat=p&typeid=i","cat":284635},{"id":19788,"n":"Stick lèvres Inell Hydratant - 2 pièces","p":1.5,"u":"0,75 €/P","img":"https://fd8-photos.leclercdrive.fr/image.ashx?id=2776042&use=l&cat=p&typeid=i","cat":285485},{"id":19796,"n":"Papier aluminium Elembal 30m","p":2.76,"img":"https://fd8-photos.leclercdrive.fr/image.ashx?id=2940905&use=l&cat=p&typeid=i","cat":334134},{"id":19798,"n":"Dissolvant doux Inell Sans acétone - 150ml","p":1.42,"u":"9,47 €/L","img":"https://fd8-photos.leclercdrive.fr/image.ashx?id=2691640&use=l&cat=p&typeid=i","cat":325347},{"id":19814,"n":"Piles alcalines Foxter AA/LR6 1,5V - x8","p":1.69,"u":"0,21 €/P","img":"https://fd8-photos.leclercdrive.fr/image.ashx?id=2162174&use=l&cat=p&typeid=i","cat":300572},{"id":19815,"n":"Piles alcalines Foxter AAA/LR3 1,5V - x8","p":1.69,"img":"https://fd8-photos.leclercdrive.fr/image.ashx?id=2162153&use=l&cat=p&typeid=i","cat":300572},{"id":19856,"n":"Pâtes Barilla Coquillettes - 1kg","p":1.89,"u":"1,89 €/KG","img":"https://fd8-photos.leclercdrive.fr/image.ashx?id=2392230&use=l&cat=p&typeid=i","cat":284427},{"id":19874,"n":"Clafoutis La Laitière Aux cerises - 4x85g","p":2.69,"u":"7,91 €/KG","img":"https://fd8-photos.leclercdrive.fr/image.ashx?id=2628230&use=l&cat=p&typeid=i","cat":284419},{"id":19877,"n":"Mozzarella Spécial Cuisine Les Croisés - 400g","p":2.94,"u":"7,35 €/KG","img":"https://fd8-photos.leclercdrive.fr/image.ashx?id=2992531&use=l&cat=p&typeid=i","cat":314026},{"id":19881,"n":"Dés Salakis herbes de Provence Fromage brebis - 300g","p":3.49,"u":"11,63 €/KG","img":"https://fd8-photos.leclercdrive.fr/image.ashx?id=2729686&use=l&cat=p&typeid=i","cat":314026},{"id":19903,"n":"Camembert portion Président 8 pièces - 240g","p":3.09,"u":"12,88 €/KG","img":"https://fd8-photos.leclercdrive.fr/image.ashx?id=2870377&use=l&cat=p&typeid=i","cat":314033},{"id":19906,"n":"Yaourts brassés aux fruits Bio Bio village - 12x125g","p":4.49,"u":"2,99 €/KG","img":"https://fd8-photos.leclercdrive.fr/image.ashx?id=2841971&use=l&cat=p&typeid=i","cat":284410},{"id":19909,"n":"Yaourts Lait entier Bio Village Bio Vanille - 12x125g","p":3.27,"u":"2,18 €/KG","img":"https://fd8-photos.leclercdrive.fr/image.ashx?id=2032376&use=l&cat=p&typeid=i","cat":286006},{"id":19913,"n":"Mousse liégeoise Viennois  Chocolat - 4x90g","p":1.79,"u":"4,97 €/KG","img":"https://fd8-photos.leclercdrive.fr/image.ashx?id=2785172&use=l&cat=p&typeid=i","cat":285042},{"id":19920,"n":"Dessert aux fruits Sojasun Morceaux de cerises - 4x100g","p":1.74,"u":"4,35 €/P","img":"https://fd8-photos.leclercdrive.fr/image.ashx?id=2355677&use=l&cat=p&typeid=i","cat":316071},{"id":19924,"n":"Dessert fruitier pomme Bio Bio village - 4x100g","p":1.73,"u":"4,33 €/KG","img":"https://fd8-photos.leclercdrive.fr/image.ashx?id=2462427&use=l&cat=p&typeid=i","cat":284416},{"id":19933,"n":"Pizza Crousti-moelleuse Marie Royale - 3x400g","p":6.95,"u":"5,79 €/KG","img":"https://fd8-photos.leclercdrive.fr/image.ashx?id=2996800&use=l&cat=p&typeid=i","cat":284256},{"id":19935,"n":"Pizza Crousti-moelleuse Marie 4 fromages - 3x390g","p":6.59,"u":"5,63 €/KG","img":"https://fd8-photos.leclercdrive.fr/image.ashx?id=2996803&use=l&cat=p&typeid=i","cat":284256},{"id":19941,"n":"Pur jus d'orange Jafaden Avec pulpe - 1L","p":2.45,"u":"2,45 €/L","img":"https://fd8-photos.leclercdrive.fr/image.ashx?id=2395258&use=l&cat=p&typeid=i","cat":285435},{"id":19948,"n":"fromage blanc sous mousse gervita fraise melba - 4x100g","p":2.29,"u":"5,73 €/KG","img":"https://fd8-photos.leclercdrive.fr/image.ashx?id=2103400&use=l&cat=p&typeid=i","cat":284409},{"id":19950,"n":"Faisselle fromage frais Rians 0%mg - 1kg","p":3.35,"u":"3,35 €/KG","img":"https://fd8-photos.leclercdrive.fr/image.ashx?id=2659912&use=l&cat=p&typeid=i","cat":314998},{"id":19957,"n":"Purée brocolis Notre Jardin Nature 750g","p":1.69,"u":"2,25 €/KG","img":"https://fd8-photos.leclercdrive.fr/image.ashx?id=2856163&use=l&cat=p&typeid=i","cat":319805},{"id":19960,"n":"Purée carottes Notre Jardin Nature 750g","p":2.43,"u":"3,24 €/KG","img":"https://fd8-photos.leclercdrive.fr/image.ashx?id=2856166&use=l&cat=p&typeid=i","cat":319805},{"id":19991,"n":"Fromage frais Délisse Fruits panachés - 6x100g","p":2.56,"u":"4,27 €/KG","img":"https://fd8-photos.leclercdrive.fr/image.ashx?id=2913669&use=l&cat=p&typeid=i","cat":284414},{"id":19993,"n":"Crème dessert Délisse Vanille sur lit chocolat 4x125g","p":1.42,"u":"2,84 €/KG","img":"https://fd8-photos.leclercdrive.fr/image.ashx?id=2841950&use=l&cat=p&typeid=i","cat":285041},{"id":20008,"n":"Compote Andros Pomme nature - 12x100g","p":2.95,"u":"2,46 €/KG","img":"https://fd8-photos.leclercdrive.fr/image.ashx?id=2989114&use=l&cat=p&typeid=i","cat":284416},{"id":20010,"n":"Yaourts lait entier nature Bio  Bio village - 12x125g","p":2.46,"u":"1,64 €/KG","img":"https://fd8-photos.leclercdrive.fr/image.ashx?id=2102992&use=l&cat=p&typeid=i","cat":284409},{"id":20013,"n":"Compote Charles & Alice Pommes Abricots - 4x100g","p":1.49,"u":"3,73 €/KG","img":"https://fd8-photos.leclercdrive.fr/image.ashx?id=2757350&use=l&cat=p&typeid=i","cat":284416},{"id":20032,"n":"Whisky Jack Daniel's Old N°7 1L","p":28.5,"u":"28,50 €/L","img":"https://fd8-photos.leclercdrive.fr/image.ashx?id=2805189&use=l&cat=p&typeid=i","cat":284547},{"id":20033,"n":"Bière brune Leffe 6,5% - 75cl","p":2.27,"u":"3,03 €/L","img":"https://fd8-photos.leclercdrive.fr/image.ashx?id=2457482&use=l&cat=p&typeid=i","cat":334852},{"id":20038,"n":"Crème aux œufs La Laitière lit de caramel - 4x100g","p":2.05,"u":"5,13 €/KG","img":"https://fd8-photos.leclercdrive.fr/image.ashx?id=2744593&use=l&cat=p&typeid=i","cat":284419},{"id":20042,"n":"Bière blonde Leffe Rituel 9% - 75cl","p":3.55,"u":"4,73 €/L","img":"https://fd8-photos.leclercdrive.fr/image.ashx?id=1890052&use=l&cat=p&typeid=i","cat":334852},{"id":20044,"n":"Bière Leffe Ruby 5% - 75cl","p":2.48,"u":"3,31 €/L","img":"https://fd8-photos.leclercdrive.fr/image.ashx?id=1589629&use=l&cat=p&typeid=i","cat":334878},{"id":20050,"n":"Bière belge Duvel 8,5%vol. - 33cl","p":1.85,"u":"5,61 €/L","img":"https://fd8-photos.leclercdrive.fr/image.ashx?id=2389304&use=l&cat=p&typeid=i","cat":334872},{"id":20058,"n":"Madère Cruz 17%vol sous blister 20cl","p":2.96,"u":"14,80 €/L","img":"https://fd8-photos.leclercdrive.fr/image.ashx?id=2484044&use=l&cat=p&typeid=i","cat":284913},{"id":20060,"n":"Biscuits Gouda Delacre Canasta  Fourrés fromage - 75g","p":1.02,"u":"13,60 €/KG","img":"https://fd8-photos.leclercdrive.fr/image.ashx?id=2661841&use=l&cat=p&typeid=i","cat":297000},{"id":20075,"n":"Corned beef Hereford 340g","p":3.81,"u":"11,21 €/KG","img":"https://fd8-photos.leclercdrive.fr/image.ashx?id=2896946&use=l&cat=p&typeid=i","cat":305149},{"id":20099,"n":"Boules Démanquillantes Inell x100","p":1.4,"u":"0,01 €/P","img":"https://fd8-photos.leclercdrive.fr/image.ashx?id=2558802&use=l&cat=p&typeid=i","cat":285593},{"id":20109,"n":"Whisky Bourbon John Davon's 40%vol. - 70cl","p":13.15,"u":"18,79 €/L","img":"https://fd8-photos.leclercdrive.fr/image.ashx?id=2907177&use=l&cat=p&typeid=i","cat":284547},{"id":20138,"n":"Chips Pom'Lisse Nature - 200g","p":1.19,"u":"5,95 €/KG","img":"https://fd8-photos.leclercdrive.fr/image.ashx?id=2710783&use=l&cat=p&typeid=i","cat":284447},{"id":20146,"n":"Brique de brebis Les Croisés 150g","p":2.45,"u":"16,33 €/KG","img":"https://fd8-photos.leclercdrive.fr/image.ashx?id=2645903&use=l&cat=p&typeid=i","cat":314031},{"id":20172,"n":"Petits pots bébé P'TIT SOUPER Aubergine pâtes 8M+ - 2x200g","p":1.76,"u":"4,40 €/KG","img":"https://fd8-photos.leclercdrive.fr/image.ashx?id=2526511&use=l&cat=p&typeid=i","cat":312239},{"id":20175,"n":"Petits pots bébé P'TIT SOUPER  7 légumes 8M+ - 2x200g","p":1.7,"u":"4,25 €/KG","img":"https://fd8-photos.leclercdrive.fr/image.ashx?id=2526508&use=l&cat=p&typeid=i","cat":312239},{"id":20180,"n":"Crème Fraîche Elle&Vire Epaisse Légère - 12% MG - 33cl","p":1.75,"u":"5,30 €/L","img":"https://fd8-photos.leclercdrive.fr/image.ashx?id=2871949&use=l&cat=p&typeid=i","cat":284381},{"id":20220,"n":"Flan Délisse Chocolat - 12x100g","p":3.45,"u":"2,88 €/KG","img":"https://fd8-photos.leclercdrive.fr/image.ashx?id=2989932&use=l&cat=p&typeid=i","cat":284420},{"id":20221,"n":"Mascarpone Casa Azzurra 250g","p":2.39,"u":"9,56 €/KG","img":"https://fd8-photos.leclercdrive.fr/image.ashx?id=2290266&use=l&cat=p&typeid=i","cat":314026},{"id":20222,"n":"Ricotta Casa Azzurra 250g","p":1.59,"u":"6,36 €/KG","img":"https://fd8-photos.leclercdrive.fr/image.ashx?id=1849630&use=l&cat=p&typeid=i","cat":314026},{"id":20223,"n":"Riz au lait Délisse  Nature - 4x115g","p":1.42,"u":"3,09 €/KG","img":"https://fd8-photos.leclercdrive.fr/image.ashx?id=2595104&use=l&cat=p&typeid=i","cat":284418},{"id":20228,"n":"Crème aux oeufs Délisse Lit caramel - 4x100g","p":1.59,"u":"3,98 €/KG","img":"https://fd8-photos.leclercdrive.fr/image.ashx?id=2970616&use=l&cat=p&typeid=i","cat":284419},{"id":20230,"n":"Semoule au lait Délisse Vanille - 8x115g","p":2.16,"u":"2,35 €/KG","img":"https://fd8-photos.leclercdrive.fr/image.ashx?id=859561&use=l&cat=p&typeid=i","cat":284418},{"id":20236,"n":"AOP Ventoux vin rosé Rives & Terrasses - BIB 5L","p":16.49,"u":"3,30 €/L","img":"https://fd8-photos.leclercdrive.fr/image.ashx?id=2584836&use=l&cat=p&typeid=i","cat":289560},{"id":20239,"n":"Gâteaux fourrés P'tit Déli Chocolat x7 - 189g","p":2.18,"u":"11,53 €/KG","img":"https://fd8-photos.leclercdrive.fr/image.ashx?id=2554517&use=l&cat=p&typeid=i","cat":284495},{"id":20244,"n":"Compotes Pom'Potes Gourdes BIO  Pomme Nature - 12x90g","p":6.83,"u":"6,32 €/KG","img":"https://fd8-photos.leclercdrive.fr/image.ashx?id=2901608&use=l&cat=p&typeid=i","cat":284508},{"id":20258,"n":"Biscuit bio Céréal Bio  Chocolat Noir intense - 132g","p":1.79,"u":"13,56 €/KG","img":"https://fd8-photos.leclercdrive.fr/image.ashx?id=2574278&use=l&cat=p&typeid=i","cat":284487},{"id":20267,"n":"Compote bio Bio Village Coupelle pomme poire - 4x100g","p":2.29,"u":"5,73 €/KG","img":"https://fd8-photos.leclercdrive.fr/image.ashx?id=2442710&use=l&cat=p&typeid=i","cat":284508},{"id":20288,"n":"Soufflés Snack's Tokapi Cacahuète - 55g","p":0.39,"u":"7,09 €/KG","img":"https://fd8-photos.leclercdrive.fr/image.ashx?id=2844517&use=l&cat=p&typeid=i","cat":284449},{"id":20292,"n":"Déodorant bille Manava Anti traces 50ml","p":0.69,"u":"13,80 €/L","img":"https://fd8-photos.leclercdrive.fr/image.ashx?id=2481216&use=l&cat=p&typeid=i","cat":284595},{"id":20300,"n":"Tarte Tomates Chèvre Courgette Côté Table - 400g","p":2.81,"u":"7,03 €/KG","img":"https://fd8-photos.leclercdrive.fr/image.ashx?id=2791767&use=l&cat=p&typeid=i","cat":284257},{"id":20307,"n":"Crème glacée Bio Bio Village Vanille - Bac 450g","p":2.86,"u":"6,36 €/KG","img":"https://fd8-photos.leclercdrive.fr/image.ashx?id=2902570&use=l&cat=p&typeid=i","cat":284263},{"id":20309,"n":"Jambon supérieur Tradilège -25% de sel - Découenné x4-160g","p":1.99,"u":"12,44 €/KG","img":"https://fd8-photos.leclercdrive.fr/image.ashx?id=2991518&use=l&cat=p&typeid=i","cat":316009},{"id":20362,"n":"Coeurs filets merlu Pêche Océan MSC 4 à 5 pièces 400g","p":5.3,"u":"13,25 €/KG","img":"https://fd8-photos.leclercdrive.fr/image.ashx?id=2953725&use=l&cat=p&typeid=i","cat":319786},{"id":20376,"n":"Colin d'Alaska Marie Beurre citron thym - 400g","p":4.43,"u":"11,08 €/KG","img":"https://fd8-photos.leclercdrive.fr/image.ashx?id=2996809&use=l&cat=p&typeid=i","cat":319786},{"id":20380,"n":"Jambon cru 6 tranches Aoste sans conservateur - 165g","p":4.89,"u":"29,64 €/KG","img":"https://fd8-photos.leclercdrive.fr/image.ashx?id=2950285&use=l&cat=p&typeid=i","cat":316007},{"id":20408,"n":"Déodorant bille Carré homme Anti traces et transpirant 50ml","p":0.69,"u":"13,80 €/L","img":"https://fd8-photos.leclercdrive.fr/image.ashx?id=2596772&use=l&cat=p&typeid=i","cat":284618},{"id":20414,"n":"Essuie-tout blanc Mimosa Super absorbant - x2","p":2.75,"u":"1,38 €/P","img":"https://fd8-photos.leclercdrive.fr/image.ashx?id=2727371&use=l&cat=p&typeid=i","cat":284635},{"id":20423,"n":"Emincé poulet farfalles Marie Aux champignons 280g","p":4.32,"u":"15,43 €/KG","img":"https://fd8-photos.leclercdrive.fr/image.ashx?id=2317411&use=l&cat=p&typeid=i","cat":333665},{"id":20447,"n":"Chips Pom'lisse Nature - 350g","p":1.89,"u":"5,40 €/KG","img":"https://fd8-photos.leclercdrive.fr/image.ashx?id=2710786&use=l&cat=p&typeid=i","cat":284447},{"id":20455,"n":"Taboulé à la menthe Bonduelle 300g","p":1.53,"u":"5,10 €/KG","img":"https://fd8-photos.leclercdrive.fr/image.ashx?id=2907893&use=l&cat=p&typeid=i","cat":333657},{"id":20468,"n":"Blanc de poulet Fleury Michon -25% de sel - x2 - 80g","p":1.59,"u":"19,88 €/KG","img":"https://fd8-photos.leclercdrive.fr/image.ashx?id=2885971&use=l&cat=p&typeid=i","cat":316010},{"id":20484,"n":"AOP Cabernet d'Anjou rosé Plessis-Duval - 75cl","p":5.25,"u":"7,00 €/L","img":"https://fd8-photos.leclercdrive.fr/image.ashx?id=2941035&use=l&cat=p&typeid=i","cat":289558},{"id":20495,"n":"Boisson Jafaden Cranberry Light - 1L","p":1.59,"u":"1,59 €/L","img":"https://fd8-photos.leclercdrive.fr/image.ashx?id=2584014&use=l&cat=p&typeid=i","cat":284915},{"id":20501,"n":"Yaourts aux fruits Délisse Fruits Jaunes - 8x125g","p":2.29,"u":"2,29 €/KG","img":"https://fd8-photos.leclercdrive.fr/image.ashx?id=2533319&use=l&cat=p&typeid=i","cat":284410},{"id":20545,"n":"Haricots verts Bio Bio Village 600g","p":1.46,"u":"2,43 €/KG","img":"https://fd8-photos.leclercdrive.fr/image.ashx?id=2891812&use=l&cat=p&typeid=i","cat":319805},{"id":20547,"n":"Crème Auguste Muniot Pamplemousse - 15%vol. - 50cl","p":4.01,"u":"8,02 €/L","img":"https://fd8-photos.leclercdrive.fr/image.ashx?id=829170&use=l&cat=p&typeid=i","cat":286032},{"id":20603,"n":"Sauce à l'Echalote Rustica Déshydratée 33g","p":0.68,"u":"20,61 €/KG","img":"https://fd8-photos.leclercdrive.fr/image.ashx?id=2188835&use=l&cat=p&typeid=i","cat":288381},{"id":20605,"n":"Compote bio Bio Village Coupelle pomme - 4x100g","p":1.67,"u":"4,18 €/KG","img":"https://fd8-photos.leclercdrive.fr/image.ashx?id=2085275&use=l&cat=p&typeid=i","cat":284508},{"id":20612,"n":"Thon Pêche Océan A la catalane - 2x135g","p":1.87,"u":"6,93 €/KG","img":"https://fd8-photos.leclercdrive.fr/image.ashx?id=2941432&use=l&cat=p&typeid=i","cat":303867},{"id":20634,"n":"Lait céréales Blédidej 6 mois Vanille - 4x250ml","p":3.85,"u":"3,85 €/L","img":"https://fd8-photos.leclercdrive.fr/image.ashx?id=2921046&use=l&cat=p&typeid=i","cat":312226},{"id":20642,"n":"Gants de ménage Mamison Taille L - x1 paire","p":1.01,"img":"https://fd8-photos.leclercdrive.fr/image.ashx?id=2635682&use=l&cat=p&typeid=i","cat":284668},{"id":20646,"n":"Filtre à thé Britley x30","p":1.64,"u":"0,05 €/P","img":"https://fd8-photos.leclercdrive.fr/image.ashx?id=2755058&use=l&cat=p&typeid=i","cat":293233},{"id":20648,"n":"Maquereaux Pêche Océan Moutarde à l'ancienne - 169g","p":1.66,"u":"9,82 €/KG","img":"https://fd8-photos.leclercdrive.fr/image.ashx?id=2515676&use=l&cat=p&typeid=i","cat":303868},{"id":20653,"n":"Lait démaquillant Inell Peaux normales et mixtes 250ml","p":1.89,"u":"7,56 €/L","img":"https://fd8-photos.leclercdrive.fr/image.ashx?id=2691619&use=l&cat=p&typeid=i","cat":284603},{"id":20665,"n":"Saucisson sec Bio Village bio 200g","p":4.55,"u":"22,75 €/KG","img":"https://fd8-photos.leclercdrive.fr/image.ashx?id=2330511&use=l&cat=p&typeid=i","cat":316006},{"id":20685,"n":"Purée 4 légumes Notre Jardin 750g","p":2.24,"u":"2,99 €/KG","img":"https://fd8-photos.leclercdrive.fr/image.ashx?id=2856160&use=l&cat=p&typeid=i","cat":319805},{"id":20686,"n":"Haricots plats Notre Jardin 1kg","p":1.79,"u":"1,79 €/KG","img":"https://fd8-photos.leclercdrive.fr/image.ashx?id=2431122&use=l&cat=p&typeid=i","cat":319805},{"id":20692,"n":"Filet de saumon Fleury Michon purée de brocolis - 300g","p":4.15,"u":"13,83 €/KG","img":"https://fd8-photos.leclercdrive.fr/image.ashx?id=3003278&use=l&cat=p&typeid=i","cat":333665},{"id":20696,"n":"Sandwich Club Sodebo Simple&Bon  Jambon Emmental - 145g","p":1.79,"u":"12,34 €/KG","img":"https://fd8-photos.leclercdrive.fr/image.ashx?id=2851497&use=l&cat=p&typeid=i","cat":333658},{"id":20697,"n":"Sandwich Suédois Sodebo Jambon Cheddar 135g","p":1.99,"u":"14,74 €/KG","img":"https://fd8-photos.leclercdrive.fr/image.ashx?id=2912095&use=l&cat=p&typeid=i","cat":333658},{"id":20700,"n":"Macaroni sauce tomate Marie Boulettes de viande 280g","p":2.99,"u":"10,68 €/KG","img":"https://fd8-photos.leclercdrive.fr/image.ashx?id=2980968&use=l&cat=p&typeid=i","cat":333665},{"id":20717,"n":"Sirop Frucci Cassis - 1L","p":3.11,"u":"3,11 €/L","img":"https://fd8-photos.leclercdrive.fr/image.ashx?id=2954079&use=l&cat=p&typeid=i","cat":295020},{"id":20718,"n":"Sirop Frucci Orgeat - 1L","p":4.18,"u":"4,18 €/L","img":"https://fd8-photos.leclercdrive.fr/image.ashx?id=2954085&use=l&cat=p&typeid=i","cat":295020},{"id":20721,"n":"Epinards Bonduelle Feuilles préservées - 750g","p":2.09,"u":"2,79 €/KG","img":"https://fd8-photos.leclercdrive.fr/image.ashx?id=2910028&use=l&cat=p&typeid=i","cat":319805},{"id":20724,"n":"Cheeseburger Charal 6x140g - 840g","p":9.53,"u":"11,35 €/KG","img":"https://fd8-photos.leclercdrive.fr/image.ashx?id=2741952&use=l&cat=p&typeid=i","cat":319822},{"id":20753,"n":"Mouchoirs The Original Kleenex® Etuis mini x24","p":3.29,"u":"0,14 €/P","img":"https://fd8-photos.leclercdrive.fr/image.ashx?id=2840301&use=l&cat=p&typeid=i","cat":284638},{"id":20758,"n":"Riz cantonais Tables du Monde 900g","p":3.99,"u":"4,43 €/KG","img":"https://fd8-photos.leclercdrive.fr/image.ashx?id=2903953&use=l&cat=p&typeid=i","cat":284254},{"id":20759,"n":"Purée de céleris Notre Jardin Nature 750g","p":1.88,"u":"2,51 €/KG","img":"https://fd8-photos.leclercdrive.fr/image.ashx?id=2856169&use=l&cat=p&typeid=i","cat":319805},{"id":20760,"n":"Légumes vapeurs Notre Jardin 2x200g","p":2.47,"u":"6,18 €/KG","img":"https://fd8-photos.leclercdrive.fr/image.ashx?id=2900106&use=l&cat=p&typeid=i","cat":319805},{"id":20762,"n":"Légumes vapeurs Notre Jardin Méditerranéens 2x200g","p":1.8,"u":"4,50 €/KG","img":"https://fd8-photos.leclercdrive.fr/image.ashx?id=2916689&use=l&cat=p&typeid=i","cat":319805},{"id":20773,"n":"Anneaux d'encornets Pêche Océan 500g","p":6.55,"u":"13,10 €/KG","img":"https://fd8-photos.leclercdrive.fr/image.ashx?id=3012391&use=l&cat=p&typeid=i","cat":319787},{"id":20775,"n":"Carottes râpées Menu Fraîcheur  1kg","p":1.98,"u":"1,98 €/KG","img":"https://fd8-photos.leclercdrive.fr/image.ashx?id=2645918&use=l&cat=p&typeid=i","cat":333657},{"id":20776,"n":"Taboulé Menu Fraîcheur A l'orientale - 1kg","p":2.77,"u":"2,77 €/KG","img":"https://fd8-photos.leclercdrive.fr/image.ashx?id=2846559&use=l&cat=p&typeid=i","cat":333657},{"id":20792,"n":"Cire Institut Siliss Professionnelle - 400g","p":5.6,"u":"14,00 €/KG","img":"https://fd8-photos.leclercdrive.fr/image.ashx?id=2699684&use=l&cat=p&typeid=i","cat":325351},{"id":20818,"n":"Tomate cocktail en grappe Panier du Primeur - 500g","p":2.49,"u":"4,98 €/KG","img":"https://fd8-photos.leclercdrive.fr/image.ashx?id=2649897&use=l&cat=p&typeid=i","cat":284352},{"id":20828,"n":"AOP Côtes de Bourg rouge Château du Bousquet - 75cl","p":6.69,"u":"8,92 €/L","img":"https://fd8-photos.leclercdrive.fr/image.ashx?id=2313942&use=l&cat=p&typeid=i","cat":289556},{"id":20840,"n":"Yaourts Mamie Nova Panaché de fruits - 6x150g","p":2.86,"u":"3,18 €/KG","img":"https://fd8-photos.leclercdrive.fr/image.ashx?id=2886954&use=l&cat=p&typeid=i","cat":284410},{"id":20856,"n":"Chipolatas aux herbes Férial 330g","p":3.49,"u":"10,58 €/KG","img":"https://fd8-photos.leclercdrive.fr/image.ashx?id=2590529&use=l&cat=p&typeid=i","cat":284334},{"id":20858,"n":"Saucisses de Toulouse Férial x4 - 500g","p":4.16,"u":"8,32 €/KG","img":"https://fd8-photos.leclercdrive.fr/image.ashx?id=2590538&use=l&cat=p&typeid=i","cat":284334},{"id":20859,"n":"Saucisse de Toulouse Férial 1kg","p":8.19,"u":"8,19 €/KG","img":"https://fd8-photos.leclercdrive.fr/image.ashx?id=2831278&use=l&cat=p&typeid=i","cat":284334},{"id":20862,"n":"Sauce Provençale Turini 190g","p":0.59,"u":"3,11 €/KG","img":"https://fd8-photos.leclercdrive.fr/image.ashx?id=2386152&use=l&cat=p&typeid=i","cat":287599},{"id":20863,"n":"Allumettes de bacon Herta Fumées 200g","p":2.25,"u":"11,25 €/KG","img":"https://fd8-photos.leclercdrive.fr/image.ashx?id=2876242&use=l&cat=p&typeid=i","cat":316011},{"id":20880,"n":"Le Parmentier de saumon Maison Briau - 750g","p":9.99,"u":"13,32 €/KG","img":"https://fd8-photos.leclercdrive.fr/image.ashx?id=2850605&use=l&cat=p&typeid=i","cat":333666},{"id":20882,"n":"Colin pané Alaska Cité Marine MSC - 200g","p":2.99,"u":"14,95 €/KG","img":"https://fd8-photos.leclercdrive.fr/image.ashx?id=2844142&use=l&cat=p&typeid=i","cat":284344},{"id":20986,"n":"Sauce Napolitaine Turini 190g","p":0.85,"u":"4,47 €/KG","img":"https://fd8-photos.leclercdrive.fr/image.ashx?id=2552430&use=l&cat=p&typeid=i","cat":287599},{"id":20987,"n":"Liqueur Litchi Soho 15%vol. - 70cl","p":8.95,"u":"12,79 €/L","img":"https://fd8-photos.leclercdrive.fr/image.ashx?id=2971927&use=l&cat=p&typeid=i","cat":286032},{"id":21017,"n":"Poisson Pané Findus  Colin d'Alaska - x10 - 510g","p":4.9,"u":"9,61 €/KG","img":"https://fd8-photos.leclercdrive.fr/image.ashx?id=2735332&use=l&cat=p&typeid=i","cat":319788},{"id":21027,"n":"Sauce bolognaise Turini 190g","p":0.85,"u":"4,47 €/KG","img":"https://fd8-photos.leclercdrive.fr/image.ashx?id=2634869&use=l&cat=p&typeid=i","cat":287599},{"id":21040,"n":"Whisky Monkey Shoulder 40%vol - 70cl","p":25.94,"u":"37,06 €/L","img":"https://fd8-photos.leclercdrive.fr/image.ashx?id=2917528&use=l&cat=p&typeid=i","cat":284547},{"id":21081,"n":"Bière blonde Rince Cochon 50cl","p":1.43,"u":"2,86 €/L","img":"https://fd8-photos.leclercdrive.fr/image.ashx?id=2021232&use=l&cat=p&typeid=i","cat":334853},{"id":21115,"n":"Lambrusco Rosato Vilaveroni 75cl","p":4.49,"u":"5,99 €/L","img":"https://fd8-photos.leclercdrive.fr/image.ashx?id=2333030&use=l&cat=p&typeid=i","cat":289558},{"id":21241,"n":"Spirales Insectivor Anti-moustiques - x10","p":1.73,"u":"0,17 €/P","img":"https://fd8-photos.leclercdrive.fr/image.ashx?id=2675682&use=l&cat=p&typeid=i","cat":298368},{"id":21246,"n":"Pièges Insectivor Anti-mites alimentaires - x2","p":2.76,"u":"1,38 €/P","img":"https://fd8-photos.leclercdrive.fr/image.ashx?id=2884237&use=l&cat=p&typeid=i","cat":298368},{"id":21287,"n":"Délice de poulet et dinde Isla Délice Halal  - 160g","p":2.95,"u":"18,44 €/KG","img":"https://fd8-photos.leclercdrive.fr/image.ashx?id=2833687&use=l&cat=p&typeid=i","cat":316013},{"id":21300,"n":"Bière blonde Super Bock 5.2%vol. - 6x25cl","p":6.15,"u":"4,10 €/L","img":"https://fd8-photos.leclercdrive.fr/image.ashx?id=2647618&use=l&cat=p&typeid=i","cat":334873},{"id":21370,"n":"Emincés pour chat Tous mes amis Viande 4x390g","p":4.21,"u":"2,70 €/KG","img":"https://fd8-photos.leclercdrive.fr/image.ashx?id=776789&use=l&cat=p&typeid=i","cat":285601},{"id":21480,"n":"Moules farcies Ronde des Mers MSC - x24 - 250g","p":7.85,"u":"31,40 €/KG","img":"https://fd8-photos.leclercdrive.fr/image.ashx?id=2627637&use=l&cat=p&typeid=i","cat":319787},{"id":21485,"n":"Eau gazeuse La Pétillante Naturelle - 6x1L","p":2.34,"u":"0,39 €/L","img":"https://fd8-photos.leclercdrive.fr/image.ashx?id=2452966&use=l&cat=p&typeid=i","cat":284536},{"id":21533,"n":"Saucisses à cuire fumée Morteau 4x110g","p":4.94,"u":"11,23 €/KG","img":"https://fd8-photos.leclercdrive.fr/image.ashx?id=2833525&use=l&cat=p&typeid=i","cat":316012},{"id":21572,"n":"Baguette La Boulangère Viennoise fendue 340g","p":1.59,"u":"4,68 €/KG","img":"https://fd8-photos.leclercdrive.fr/image.ashx?id=2912392&use=l&cat=p&typeid=i","cat":284985},{"id":21573,"n":"Bonbons LUTTI Arlequin Original 250g","p":1.85,"u":"7,40 €/KG","img":"https://fd8-photos.leclercdrive.fr/image.ashx?id=2817422&use=l&cat=p&typeid=i","cat":304252},{"id":21580,"n":"Steak haché Isla Délice 100% boeuf Halal x10 800g","p":10.45,"u":"13,06 €/KG","img":"https://fd8-photos.leclercdrive.fr/image.ashx?id=2349233&use=l&cat=p&typeid=i","cat":319778},{"id":21581,"n":"Burger Isla Délice  Halal  - x10 800g","p":9.79,"u":"12,24 €/KG","img":"https://fd8-photos.leclercdrive.fr/image.ashx?id=1587519&use=l&cat=p&typeid=i","cat":319778},{"id":21588,"n":"Semoule Floraline 500g","p":1.75,"u":"3,50 €/KG","img":"https://fd8-photos.leclercdrive.fr/image.ashx?id=2968187&use=l&cat=p&typeid=i","cat":284429},{"id":21592,"n":"Filets de cabillaud Findus MSC - x10 - 510g","p":11.86,"u":"23,25 €/KG","img":"https://fd8-photos.leclercdrive.fr/image.ashx?id=2735329&use=l&cat=p&typeid=i","cat":319788},{"id":21606,"n":"Cornichons Maille extra fins 380g","p":3.15,"u":"8,29 €/KG","img":"https://fd8-photos.leclercdrive.fr/image.ashx?id=2945826&use=l&cat=p&typeid=i","cat":284458},{"id":21609,"n":"Cornichons Extra-Fins MAILLE 220g","p":2.47,"u":"11,23 €/KG","img":"https://fd8-photos.leclercdrive.fr/image.ashx?id=2945823&use=l&cat=p&typeid=i","cat":284458},{"id":21610,"n":"Lotion fraîcheur Inell Tonique - 250ml","p":1.53,"u":"6,12 €/L","img":"https://fd8-photos.leclercdrive.fr/image.ashx?id=2694172&use=l&cat=p&typeid=i","cat":284603},{"id":21611,"n":"Lotion douceur Inell Tonique - 250ml","p":1.52,"u":"6,08 €/L","img":"https://fd8-photos.leclercdrive.fr/image.ashx?id=2707561&use=l&cat=p&typeid=i","cat":284603},{"id":21612,"n":"Liquide vaisselle Eco+ Citron 1L","p":0.7,"u":"0,70 €/L","img":"https://fd8-photos.leclercdrive.fr/image.ashx?id=2874368&use=l&cat=p&typeid=i","cat":284655},{"id":21652,"n":"Biscuits P'tit Déli Galettes Suédoise chocolat 150g","p":2.38,"u":"15,87 €/KG","img":"https://fd8-photos.leclercdrive.fr/image.ashx?id=2968982&use=l&cat=p&typeid=i","cat":284490},{"id":21655,"n":"Boîtes chiens Lydog Mitonnées Agneau poulet veau - 3x410g","p":3.9,"u":"3,17 €/KG","img":"https://fd8-photos.leclercdrive.fr/image.ashx?id=2710488&use=l&cat=p&typeid=i","cat":288578},{"id":21656,"n":"Boîte chiens Lydog Bouchées Boeuf carottes - 1,25kg","p":2.65,"u":"2,12 €/KG","img":"https://fd8-photos.leclercdrive.fr/image.ashx?id=2710491&use=l&cat=p&typeid=i","cat":288578},{"id":21662,"n":"Boîte chiens Lydog Bouchées Poulet légumes - 1,2kg","p":1.98,"u":"1,65 €/KG","img":"https://fd8-photos.leclercdrive.fr/image.ashx?id=2548100&use=l&cat=p&typeid=i","cat":288578},{"id":21663,"n":"Bouchées au poulet foie et  aux carottes Lydog - 1.23kg","p":2.39,"u":"1,94 €/KG","img":"https://fd8-photos.leclercdrive.fr/image.ashx?id=2691225&use=l&cat=p&typeid=i","cat":288578},{"id":21685,"n":"Nuggets de poulet Côté Croc x20 - 400g","p":3.0,"u":"7,50 €/KG","img":"https://fd8-photos.leclercdrive.fr/image.ashx?id=2837045&use=l&cat=p&typeid=i","cat":333684},{"id":21686,"n":"Saucisson sec Saint Azay Spécialité 200g","p":2.99,"u":"14,95 €/KG","img":"https://fd8-photos.leclercdrive.fr/image.ashx?id=2472053&use=l&cat=p&typeid=i","cat":316006},{"id":21687,"n":"Fromage Cheddar Burger Les Croisés 10 Tranches - 200g","p":1.25,"u":"6,25 €/KG","img":"https://fd8-photos.leclercdrive.fr/image.ashx?id=2946835&use=l&cat=p&typeid=i","cat":314028},{"id":21688,"n":"Fromage Emmental Croque Les Croisés 10 Tranches - 200g","p":1.19,"u":"5,95 €/KG","img":"https://fd8-photos.leclercdrive.fr/image.ashx?id=2893313&use=l&cat=p&typeid=i","cat":314028},{"id":21697,"n":"Fromage Raclette Savoie NRT  IGP - 400g","p":6.05,"u":"15,13 €/KG","img":"https://fd8-photos.leclercdrive.fr/image.ashx?id=1937939&use=l&cat=p&typeid=i","cat":314037},{"id":21699,"n":"Crème fraîche Eco  Epaisse - 30% MG - 50cl","p":1.89,"u":"3,78 €/L","img":"https://fd8-photos.leclercdrive.fr/image.ashx?id=738045&use=l&cat=p&typeid=i","cat":284381},{"id":21701,"n":"Glace Eco+ Vanille - 500g","p":1.25,"u":"2,50 €/KG","img":"https://fd8-photos.leclercdrive.fr/image.ashx?id=2711580&use=l&cat=p&typeid=i","cat":284263},{"id":21702,"n":"Haricots verts Eco+ Très fins - 1kg","p":1.39,"u":"1,39 €/KG","img":"https://fd8-photos.leclercdrive.fr/image.ashx?id=2847934&use=l&cat=p&typeid=i","cat":319805},{"id":21711,"n":"Brandade de morue Pêcheries Basques parmentière - 900g","p":7.22,"u":"8,02 €/KG","img":"https://fd8-photos.leclercdrive.fr/image.ashx?id=2608259&use=l&cat=p&typeid=i","cat":285094},{"id":21877,"n":"Purée surgelée Pom'lisse Pommes de terre 750g","p":2.04,"u":"2,72 €/KG","img":"https://fd8-photos.leclercdrive.fr/image.ashx?id=2759777&use=l&cat=p&typeid=i","cat":319793},{"id":21911,"n":"Tomato Ketchup Heinz - 342g","p":1.49,"u":"4,36 €/KG","img":"https://fd8-photos.leclercdrive.fr/image.ashx?id=2955288&use=l&cat=p&typeid=i","cat":284455},{"id":22033,"n":"Gin Brighton's London Dry 37.5%vol - 70cl","p":9.99,"u":"14,27 €/L","img":"https://fd8-photos.leclercdrive.fr/image.ashx?id=2907183&use=l&cat=p&typeid=i","cat":284550},{"id":22037,"n":"Bière blonde Abbaye Alveringem 6.2%vol. - 75cl","p":2.49,"u":"3,32 €/L","img":"https://fd8-photos.leclercdrive.fr/image.ashx?id=2637901&use=l&cat=p&typeid=i","cat":334852},{"id":22040,"n":"Mini bûches glacées Eskiss Assortiment chocolat x6 - 310g","p":2.29,"u":"7,39 €/KG","img":"https://fd8-photos.leclercdrive.fr/image.ashx?id=2790955&use=l&cat=p&typeid=i","cat":284266},{"id":22087,"n":"Sucettes Chupa Chups Mini Assortiment x30 180g","p":2.21,"u":"12,28 €/KG","img":"https://fd8-photos.leclercdrive.fr/image.ashx?id=2647606&use=l&cat=p&typeid=i","cat":304250},{"id":22112,"n":"Vodka Sobieski 37.5%vol - 70cl","p":11.12,"u":"15,89 €/L","img":"https://fd8-photos.leclercdrive.fr/image.ashx?id=2948474&use=l&cat=p&typeid=i","cat":284550},{"id":22114,"n":"Thon Pêche Océan Mayonnaise - 2x135g","p":1.78,"u":"6,59 €/KG","img":"https://fd8-photos.leclercdrive.fr/image.ashx?id=2943650&use=l&cat=p&typeid=i","cat":303867},{"id":22115,"n":"Cidre brut Les Goelleries Bretagne 4.5%vol. - 1,5L","p":1.87,"u":"1,25 €/L","img":"https://fd8-photos.leclercdrive.fr/image.ashx?id=2842277&use=l&cat=p&typeid=i","cat":334880},{"id":22116,"n":"Pain de mie complet Epi d'Or Grandes tranches - 550g","p":1.22,"u":"2,22 €/KG","img":"https://fd8-photos.leclercdrive.fr/image.ashx?id=2861292&use=l&cat=p&typeid=i","cat":284477},{"id":22117,"n":"Pain de mie complet Epi d'Or Grandes tranches - 825g","p":1.78,"u":"2,16 €/KG","img":"https://fd8-photos.leclercdrive.fr/image.ashx?id=2860736&use=l&cat=p&typeid=i","cat":284477},{"id":22140,"n":"Crème anglaise Délisse 3x20cl","p":2.65,"u":"4,42 €/L","img":"https://fd8-photos.leclercdrive.fr/image.ashx?id=3002590&use=l&cat=p&typeid=i","cat":284382},{"id":22141,"n":"Riz Basmati Comptoir du grain Sélection Riz long - 5x90g","p":1.81,"u":"4,02 €/KG","img":"https://fd8-photos.leclercdrive.fr/image.ashx?id=2076685&use=l&cat=p&typeid=i","cat":284428},{"id":22142,"n":"Terrines chats Tous mes amis Spécial chaton - 4x400g","p":4.86,"u":"3,04 €/KG","img":"https://fd8-photos.leclercdrive.fr/image.ashx?id=647133&use=l&cat=p&typeid=i","cat":285601},{"id":22143,"n":"Emincés Tous Mes Amis En sauce - 4x400g","p":4.39,"u":"2,74 €/KG","img":"https://fd8-photos.leclercdrive.fr/image.ashx?id=776773&use=l&cat=p&typeid=i","cat":285601},{"id":22190,"n":"Lingettes Demak'up px mixtes Normales démaquillantes 3x25","p":7.6,"u":"0,10 €/P","img":"https://fd8-photos.leclercdrive.fr/image.ashx?id=2744686&use=l&cat=p&typeid=i","cat":284603},{"id":22207,"n":"Blanc de Poulet Tradilège -25% de sel - 4 Tranches - 160g","p":1.92,"u":"12,00 €/KG","img":"https://fd8-photos.leclercdrive.fr/image.ashx?id=2974969&use=l&cat=p&typeid=i","cat":316010},{"id":22209,"n":"Lait entier UHT Bio Bio village Bouteille - 6x1L","p":8.94,"u":"1,49 €/L","img":"https://fd8-photos.leclercdrive.fr/image.ashx?id=2970021&use=l&cat=p&typeid=i","cat":285610},{"id":22229,"n":"Terrines chats Tous mes ami Foie volaille - 800g","p":2.01,"u":"2,51 €/KG","img":"https://fd8-photos.leclercdrive.fr/image.ashx?id=2869793&use=l&cat=p&typeid=i","cat":285601},{"id":22373,"n":"Carré pour la vaisselle Mamison x5","p":1.35,"img":"https://fd8-photos.leclercdrive.fr/image.ashx?id=2622010&use=l&cat=p&typeid=i","cat":284667},{"id":22374,"n":"Chiffons secs Clair Dépouissiérants x20","p":1.97,"img":"https://fd8-photos.leclercdrive.fr/image.ashx?id=2819926&use=l&cat=p&typeid=i","cat":325364},{"id":22377,"n":"AOC Rosé de Loire vin rosé Les Caractères - BIB 3L","p":11.89,"u":"3,96 €/L","img":"https://fd8-photos.leclercdrive.fr/image.ashx?id=2708459&use=l&cat=p&typeid=i","cat":289560},{"id":22388,"n":"IGP Ile de Beauté vin rosé Terres Ocrées 11.5%vol - BIB 3L","p":12.99,"u":"4,33 €/L","img":"https://fd8-photos.leclercdrive.fr/image.ashx?id=2863036&use=l&cat=p&typeid=i","cat":289560},{"id":22390,"n":"AOC Côtes du Rhône vin rouge Grégoire XI - BIB 10L","p":29.99,"u":"3,00 €/L","img":"https://fd8-photos.leclercdrive.fr/image.ashx?id=2920181&use=l&cat=p&typeid=i","cat":289560},{"id":22391,"n":"AOP Côtes du Rhône rouge Cellier des Dauphins - 75cl","p":4.8,"u":"6,40 €/L","img":"https://fd8-photos.leclercdrive.fr/image.ashx?id=2252190&use=l&cat=p&typeid=i","cat":289556},{"id":22477,"n":"Pignons de pin Couleurs Vives 125g","p":5.99,"u":"47,92 €/KG","img":"https://fd8-photos.leclercdrive.fr/image.ashx?id=2617201&use=l&cat=p&typeid=i","cat":284357},{"id":22487,"n":"IGP Pays d'Oc rosé Roche Mazet Grenache Cinsault - BIB 3L","p":11.85,"u":"3,95 €/L","img":"https://fd8-photos.leclercdrive.fr/image.ashx?id=2597118&use=l&cat=p&typeid=i","cat":289560},{"id":22488,"n":"IGP Pays d'Oc rouge Roche Mazet Cabernet Sauvignon 12.5% BIB 3L","p":11.19,"u":"3,73 €/L","img":"https://fd8-photos.leclercdrive.fr/image.ashx?id=2597121&use=l&cat=p&typeid=i","cat":289560},{"id":22489,"n":"IGP Pays d'oc blancRoche Mazet Sauvignon - BIB 3L","p":12.55,"u":"4,18 €/L","img":"https://fd8-photos.leclercdrive.fr/image.ashx?id=2597124&use=l&cat=p&typeid=i","cat":289557},{"id":22506,"n":"Yaourts aromatisés Délisse 4 saveurs - 8x125g","p":2.79,"u":"2,79 €/KG","img":"https://fd8-photos.leclercdrive.fr/image.ashx?id=2134527&use=l&cat=p&typeid=i","cat":286006},{"id":22515,"n":"Boisson énergisante X-tense Canette - 6x25cl","p":2.34,"u":"1,56 €/L","img":"https://fd8-photos.leclercdrive.fr/image.ashx?id=2956062&use=l&cat=p&typeid=i","cat":284533},{"id":22556,"n":"AOC Bergerac vin rouge Terrasses d'Autan - BIB 3L","p":9.49,"u":"3,16 €/L","img":"https://fd8-photos.leclercdrive.fr/image.ashx?id=2713646&use=l&cat=p&typeid=i","cat":289560},{"id":22588,"n":"IGP Pays d'Oc Chardonnay Blanc Vieux Carion 12% vol BIB 3L","p":8.99,"u":"3,00 €/L","img":"https://fd8-photos.leclercdrive.fr/image.ashx?id=2591397&use=l&cat=p&typeid=i","cat":289560},{"id":22653,"n":"Crème entière fluide UHT Bio Bio Village 30% MG - 25cl","p":1.85,"u":"7,40 €/L","img":"https://fd8-photos.leclercdrive.fr/image.ashx?id=2801795&use=l&cat=p&typeid=i","cat":284381},{"id":22654,"n":"Fromage St Nectaire NRT AOP  600g","p":8.67,"u":"14,45 €/KG","img":"https://fd8-photos.leclercdrive.fr/image.ashx?id=2550854&use=l&cat=p&typeid=i","cat":329184},{"id":22659,"n":"Cancoillotte nature NRT IGP 250g","p":1.97,"u":"7,88 €/KG","img":"https://fd8-photos.leclercdrive.fr/image.ashx?id=2663845&use=l&cat=p&typeid=i","cat":314037},{"id":22660,"n":"Cancoillotte à l'ail NRT IGP 250g","p":1.97,"u":"7,88 €/KG","img":"https://fd8-photos.leclercdrive.fr/image.ashx?id=2663848&use=l&cat=p&typeid=i","cat":314037},{"id":22689,"n":"Confiture extra bio Bio Village Fraises - 370g","p":1.79,"u":"4,84 €/KG","img":"https://fd8-photos.leclercdrive.fr/image.ashx?id=2965626&use=l&cat=p&typeid=i","cat":284480},{"id":22690,"n":"Confiture extra bio Bio Village Abricots - 370g","p":1.79,"u":"4,84 €/KG","img":"https://fd8-photos.leclercdrive.fr/image.ashx?id=2965629&use=l&cat=p&typeid=i","cat":284480},{"id":22700,"n":"Gâteau de semoule Yabon Nappage chocolat - 4x125g","p":2.91,"u":"5,82 €/KG","img":"https://fd8-photos.leclercdrive.fr/image.ashx?id=2642675&use=l&cat=p&typeid=i","cat":284506},{"id":22703,"n":"Chocolat au lait Bio Ethiquable  Riz soufflé - 100g","p":3.12,"u":"31,20 €/KG","img":"https://fd8-photos.leclercdrive.fr/image.ashx?id=2870869&use=l&cat=p&typeid=i","cat":284497},{"id":22704,"n":"Chocolat au lait Bio Ethiquable  Nature tendre fondant - 100g","p":2.65,"u":"26,50 €/KG","img":"https://fd8-photos.leclercdrive.fr/image.ashx?id=2870920&use=l&cat=p&typeid=i","cat":284497},{"id":22787,"n":"Saumon Ronde des Mers Petites tranches - 100g","p":3.69,"u":"36,90 €/KG","img":"https://fd8-photos.leclercdrive.fr/image.ashx?id=2966243&use=l&cat=p&typeid=i","cat":285188},{"id":22794,"n":"Chocolat Daim Milka Chocolat au lait daim - 145g","p":2.45,"u":"16,90 €/KG","img":"https://fd8-photos.leclercdrive.fr/image.ashx?id=3002288&use=l&cat=p&typeid=i","cat":304238},{"id":22799,"n":"Mayonnaise Lesieur 710g","p":3.29,"u":"4,63 €/KG","img":"https://fd8-photos.leclercdrive.fr/image.ashx?id=2917693&use=l&cat=p&typeid=i","cat":298295},{"id":22803,"n":"Brioche tranchée Epi d'Or Nature - 700g","p":2.22,"u":"3,17 €/KG","img":"https://fd8-photos.leclercdrive.fr/image.ashx?id=2860733&use=l&cat=p&typeid=i","cat":284478},{"id":22804,"n":"Boisson végétale Bio Village Soja nature bio - 1l","p":0.88,"u":"0,88 €/L","img":"https://fd8-photos.leclercdrive.fr/image.ashx?id=2372350&use=l&cat=p&typeid=i","cat":316067},{"id":22805,"n":"Boisson végétale Bio Village Soja vanille bio - 1l","p":1.42,"u":"1,42 €/L","img":"https://fd8-photos.leclercdrive.fr/image.ashx?id=2357707&use=l&cat=p&typeid=i","cat":316067},{"id":22835,"n":"Whisky single malt The Deveron 10 ans d'âge 40° - 70cl","p":26.06,"u":"37,23 €/L","img":"https://fd8-photos.leclercdrive.fr/image.ashx?id=2793710&use=l&cat=p&typeid=i","cat":284547},{"id":22836,"n":"Whisky Jack Daniel's Gentleman Jack 70cL","p":29.08,"u":"41,54 €/L","img":"https://fd8-photos.leclercdrive.fr/image.ashx?id=2918020&use=l&cat=p&typeid=i","cat":284547},{"id":22838,"n":"Laitue Iceberg 1p","p":1.59,"img":"https://fd8-photos.leclercdrive.fr/image.ashx?id=1633649&use=l&cat=p&typeid=i","cat":284352},{"id":22845,"n":"Nems Marie Tradition d'Asie Porc sauce nuoc x4 - 280g","p":2.91,"u":"10,39 €/KG","img":"https://fd8-photos.leclercdrive.fr/image.ashx?id=2985216&use=l&cat=p&typeid=i","cat":333673},{"id":22893,"n":"Cidre doux Les Goelleries 2%vol. - 1,5L","p":2.09,"u":"1,39 €/L","img":"https://fd8-photos.leclercdrive.fr/image.ashx?id=2843791&use=l&cat=p&typeid=i","cat":334880},{"id":22894,"n":"Nettoyant spray Clair Ultra dégraissant - 750ml","p":1.18,"u":"1,57 €/L","img":"https://fd8-photos.leclercdrive.fr/image.ashx?id=2840386&use=l&cat=p&typeid=i","cat":325357},{"id":22895,"n":"Nettoyant spray Clair javel Salle de bains 750ml","p":1.46,"u":"1,95 €/L","img":"https://fd8-photos.leclercdrive.fr/image.ashx?id=2840473&use=l&cat=p&typeid=i","cat":325357},{"id":22898,"n":"Nettoyant Silex vitres d'insert Barbecue ultra décapante 750ml","p":3.99,"u":"5,32 €/L","img":"https://fd8-photos.leclercdrive.fr/image.ashx?id=2657087&use=l&cat=p&typeid=i","cat":325363},{"id":22902,"n":"Savon de Marseille Epsil Textiles délicats 400g","p":1.72,"u":"4,30 €/KG","img":"https://fd8-photos.leclercdrive.fr/image.ashx?id=2034938&use=l&cat=p&typeid=i","cat":284651},{"id":22906,"n":"Gel à raser Carré Homme Sensitive - 75ml","p":1.16,"u":"15,47 €/L","img":"https://fd8-photos.leclercdrive.fr/image.ashx?id=2762952&use=l&cat=p&typeid=i","cat":284617},{"id":22907,"n":"Bière blonde Abbaye Alveringem Canette - 6.2%vol. - 50cl","p":1.39,"u":"2,78 €/L","img":"https://fd8-photos.leclercdrive.fr/image.ashx?id=2637898&use=l&cat=p&typeid=i","cat":334852},{"id":22911,"n":"Gants de ménage Mamison Taille S 1 paire","p":1.01,"img":"https://fd8-photos.leclercdrive.fr/image.ashx?id=2635676&use=l&cat=p&typeid=i","cat":284668},{"id":22913,"n":"Gel désinfectant mains Primoplast - 75ml","p":0.96,"u":"12,80 €/L","img":"https://fd8-photos.leclercdrive.fr/image.ashx?id=2856489&use=l&cat=p&typeid=i","cat":284630},{"id":22960,"n":"Gants de ménage Mamison Taille M 1 paire","p":1.01,"img":"https://fd8-photos.leclercdrive.fr/image.ashx?id=2635679&use=l&cat=p&typeid=i","cat":284668},{"id":22962,"n":"Gants Mamison spécial vaisselle Taille L 1 paire","p":1.01,"u":"50,50 €/L","img":"https://fd8-photos.leclercdrive.fr/image.ashx?id=2946172&use=l&cat=p&typeid=i","cat":284668},{"id":22963,"n":"Gants Mamison ultra résistant Taille M 1 paire","p":1.64,"img":"https://fd8-photos.leclercdrive.fr/image.ashx?id=676218&use=l&cat=p&typeid=i","cat":284668},{"id":22964,"n":"Gants Mamison ultra résistant Taille L 1 paire","p":1.64,"img":"https://fd8-photos.leclercdrive.fr/image.ashx?id=606116&use=l&cat=p&typeid=i","cat":284668},{"id":22965,"n":"Gants Mamison ultra résistant Taille S 1 paire","p":1.64,"img":"https://fd8-photos.leclercdrive.fr/image.ashx?id=676222&use=l&cat=p&typeid=i","cat":284668},{"id":22967,"n":"Tampon à récurer Mamison Surfaces fragiles xs","p":1.32,"u":"0,66 €/P","img":"https://fd8-photos.leclercdrive.fr/image.ashx?id=2669699&use=l&cat=p&typeid=i","cat":284667},{"id":22968,"n":"Eponges grattantes Mamison Surfaces délicates x2","p":1.49,"u":"0,75 €/P","img":"https://fd8-photos.leclercdrive.fr/image.ashx?id=2202392&use=l&cat=p&typeid=i","cat":284667},{"id":22969,"n":"Lavette Mamison multi-usages Microfibre plusieurs coloris x2","p":0.84,"u":"0,42 €/P","img":"https://fd8-photos.leclercdrive.fr/image.ashx?id=2595095&use=l&cat=p&typeid=i","cat":284667},{"id":22976,"n":"Crème visage nourrissante Inell Peau sèche - 50ml","p":1.96,"u":"39,20 €/L","img":"https://fd8-photos.leclercdrive.fr/image.ashx?id=2771124&use=l&cat=p&typeid=i","cat":325345},{"id":22979,"n":"Gel nettoyant Inell visage Purifiant px norm. mixtes 150ml","p":2.58,"u":"17,20 €/L","img":"https://fd8-photos.leclercdrive.fr/image.ashx?id=1961443&use=l&cat=p&typeid=i","cat":284603},{"id":22980,"n":"Eau de Cologne Belles Saisons Ambrée 250ml","p":1.69,"u":"6,76 €/L","img":"https://fd8-photos.leclercdrive.fr/image.ashx?id=2875693&use=l&cat=p&typeid=i","cat":291525},{"id":22981,"n":"Eau de Cologne Belles Saisons Fraîcheur 250ml","p":1.69,"u":"6,76 €/L","img":"https://fd8-photos.leclercdrive.fr/image.ashx?id=2949179&use=l&cat=p&typeid=i","cat":291525},{"id":22996,"n":"Nettoyant détachant Clair Tapis moquettes 600ml","p":2.16,"u":"3,60 €/L","img":"https://fd8-photos.leclercdrive.fr/image.ashx?id=2242721&use=l&cat=p&typeid=i","cat":284907},{"id":23000,"n":"Smoothie innocent fraise banane 750ml","p":2.53,"u":"3,37 €/L","img":"https://fd8-photos.leclercdrive.fr/image.ashx?id=2891241&use=l&cat=p&typeid=i","cat":285435},{"id":23040,"n":"Café moulu Méo L'original Bio - 500g","p":9.35,"u":"18,70 €/KG","img":"https://fd8-photos.leclercdrive.fr/image.ashx?id=2571287&use=l&cat=p&typeid=i","cat":284750},{"id":23046,"n":"infusion bio alter eco  rooibos - 40g","p":2.27,"u":"56,75 €/KG","img":"https://fd8-photos.leclercdrive.fr/image.ashx?id=2968361&use=l&cat=p&typeid=i","cat":293233},{"id":23122,"n":"Fromage enfant Ficello Emmental à effilocher x4 - 84g","p":2.11,"u":"25,12 €/KG","img":"https://fd8-photos.leclercdrive.fr/image.ashx?id=2409553&use=l&cat=p&typeid=i","cat":314030},{"id":23123,"n":"Fromage enfant Ficello Nature à effilocher x4 -84g","p":1.98,"u":"23,57 €/KG","img":"https://fd8-photos.leclercdrive.fr/image.ashx?id=2375373&use=l&cat=p&typeid=i","cat":314030},{"id":23131,"n":"Jambon sec Saint Azay 4 grandes tranches - 110g","p":3.25,"u":"29,55 €/KG","img":"https://fd8-photos.leclercdrive.fr/image.ashx?id=2921372&use=l&cat=p&typeid=i","cat":316007},{"id":23132,"n":"Pâte feuilletée Tablier Blanc Epaisse - 280g","p":1.55,"u":"5,54 €/KG","img":"https://fd8-photos.leclercdrive.fr/image.ashx?id=2635910&use=l&cat=p&typeid=i","cat":333681},{"id":23133,"n":"Pâte brisée Tablier Blanc Epaisse - 280g","p":1.65,"u":"5,89 €/KG","img":"https://fd8-photos.leclercdrive.fr/image.ashx?id=2635913&use=l&cat=p&typeid=i","cat":333681},{"id":23157,"n":"AOP Champagne Brut Nicolas Feuillatte - 75cl","p":27.4,"u":"36,53 €/L","img":"https://fd8-photos.leclercdrive.fr/image.ashx?id=2962791&use=l&cat=p&typeid=i","cat":284542},{"id":23158,"n":"AOC Crémant de Bourgogne  Veuve Ambal Brut - 75cl","p":7.99,"u":"10,65 €/L","img":"https://fd8-photos.leclercdrive.fr/image.ashx?id=1737205&use=l&cat=p&typeid=i","cat":284545},{"id":23168,"n":"Beurre léger Les Croisés Doux - 40% MG - 250g","p":1.75,"u":"7,00 €/KG","img":"https://fd8-photos.leclercdrive.fr/image.ashx?id=2839909&use=l&cat=p&typeid=i","cat":284379},{"id":23176,"n":"Pur jus de tomate Bio Village Bio - 1L","p":2.77,"u":"2,77 €/L","img":"https://fd8-photos.leclercdrive.fr/image.ashx?id=2954115&use=l&cat=p&typeid=i","cat":284523},{"id":23177,"n":"Pur jus Bio Village Bio Carotte - 1L","p":2.87,"u":"2,87 €/L","img":"https://fd8-photos.leclercdrive.fr/image.ashx?id=2901533&use=l&cat=p&typeid=i","cat":284523},{"id":23179,"n":"Pur jus 7 fruits Bio Village Bio - 1L","p":2.78,"u":"2,78 €/L","img":"https://fd8-photos.leclercdrive.fr/image.ashx?id=2901530&use=l&cat=p&typeid=i","cat":284917},{"id":23180,"n":"Rasoirs jetables Carré Homme 3 lames - x4","p":2.65,"img":"https://fd8-photos.leclercdrive.fr/image.ashx?id=2953236&use=l&cat=p&typeid=i","cat":284616},{"id":23182,"n":"Rasoirs jetables Siliss 3 lames - x4","p":1.99,"u":"0,50 €/P","img":"https://fd8-photos.leclercdrive.fr/image.ashx?id=2699438&use=l&cat=p&typeid=i","cat":325352},{"id":23188,"n":"Tomato Ketchup Heinz - 250g","p":1.15,"u":"4,60 €/KG","img":"https://fd8-photos.leclercdrive.fr/image.ashx?id=2943801&use=l&cat=p&typeid=i","cat":284455},{"id":23190,"n":"Mayonnaise AMORA Recette Fouettée - 398g","p":2.78,"u":"6,98 €/KG","img":"https://fd8-photos.leclercdrive.fr/image.ashx?id=2598684&use=l&cat=p&typeid=i","cat":298295},{"id":23201,"n":"Vin de l'Union Européenne rouge Vieux Papes 4x75cl","p":9.45,"u":"3,15 €/L","img":"https://fd8-photos.leclercdrive.fr/image.ashx?id=2093391&use=l&cat=p&typeid=i","cat":289556},{"id":23212,"n":"Compote Douceur du Verger Coupelle pomme framboise-4x100g","p":1.63,"u":"4,08 €/KG","img":"https://fd8-photos.leclercdrive.fr/image.ashx?id=2663494&use=l&cat=p&typeid=i","cat":284508},{"id":23215,"n":"Biscuits Cookies P'tit Déli Chocolat raisin cranberrie 200g","p":1.44,"u":"7,20 €/KG","img":"https://fd8-photos.leclercdrive.fr/image.ashx?id=2529593&use=l&cat=p&typeid=i","cat":325066},{"id":23216,"n":"Sauce Hollandaise Rustica 32g","p":0.64,"u":"20,00 €/KG","img":"https://fd8-photos.leclercdrive.fr/image.ashx?id=2865059&use=l&cat=p&typeid=i","cat":288381},{"id":23219,"n":"Sauce Pesto Turini Basilic - 185g","p":1.3,"u":"7,03 €/KG","img":"https://fd8-photos.leclercdrive.fr/image.ashx?id=2546248&use=l&cat=p&typeid=i","cat":287599},{"id":23221,"n":"Sauce Tomates Turini Basilic - 420g","p":1.15,"u":"2,74 €/KG","img":"https://fd8-photos.leclercdrive.fr/image.ashx?id=2487458&use=l&cat=p&typeid=i","cat":287599},{"id":23225,"n":"Compote bio Bio Village Coupelle pomme fraise - 4x100g","p":2.22,"u":"5,55 €/KG","img":"https://fd8-photos.leclercdrive.fr/image.ashx?id=2475179&use=l&cat=p&typeid=i","cat":284508},{"id":23226,"n":"Madeleines bio Bio Village Coquilles - 250g","p":1.86,"u":"7,44 €/KG","img":"https://fd8-photos.leclercdrive.fr/image.ashx?id=2711619&use=l&cat=p&typeid=i","cat":284492},{"id":23227,"n":"Chips Bio Village Bio - Nature - 125g","p":1.99,"u":"15,92 €/KG","img":"https://fd8-photos.leclercdrive.fr/image.ashx?id=2743834&use=l&cat=p&typeid=i","cat":284447},{"id":23228,"n":"Chips paysannes Bio Village Nature bio - 125g","p":1.99,"u":"15,92 €/KG","img":"https://fd8-photos.leclercdrive.fr/image.ashx?id=2770301&use=l&cat=p&typeid=i","cat":284447},{"id":23244,"n":"Désodorisant frigo Bien Air Sans parfum 40g","p":1.83,"u":"45,75 €/KG","img":"https://fd8-photos.leclercdrive.fr/image.ashx?id=606570&use=l&cat=p&typeid=i","cat":311628},{"id":23248,"n":"Tampons Doulys Compact Mini - x20","p":2.86,"u":"0,14 €/P","img":"https://fd8-photos.leclercdrive.fr/image.ashx?id=2965494&use=l&cat=p&typeid=i","cat":284626},{"id":23249,"n":"Savon de Marseille Epsil Textiles délicats 4x200g","p":1.86,"u":"2,33 €/KG","img":"https://fd8-photos.leclercdrive.fr/image.ashx?id=2379591&use=l&cat=p&typeid=i","cat":284651},{"id":23251,"n":"Bâtonnets allume-feu Silex Sans odeur x24","p":2.05,"u":"0,09 €/P","img":"https://fd8-photos.leclercdrive.fr/image.ashx?id=2999721&use=l&cat=p&typeid=i","cat":300578},{"id":23252,"n":"Cubes allume-feu Silex Sans odeur 100% naturel x40","p":1.57,"u":"0,04 €/P","img":"https://fd8-photos.leclercdrive.fr/image.ashx?id=2669735&use=l&cat=p&typeid=i","cat":300578},{"id":23253,"n":"Nettoyant spray Clair Surpuissant - 750ml","p":1.86,"u":"2,48 €/L","img":"https://fd8-photos.leclercdrive.fr/image.ashx?id=2520831&use=l&cat=p&typeid=i","cat":325357},{"id":23304,"n":"Feuilletés paniers Côté Table Saumon - 4x100g","p":4.45,"u":"11,13 €/KG","img":"https://fd8-photos.leclercdrive.fr/image.ashx?id=2549400&use=l&cat=p&typeid=i","cat":319776},{"id":23336,"n":"Soufflés Grignot' Tokapi Bacon - 90g","p":0.89,"u":"9,89 €/KG","img":"https://fd8-photos.leclercdrive.fr/image.ashx?id=1034682&use=l&cat=p&typeid=i","cat":284449},{"id":23371,"n":"Mozzarella Maxi Les Croisés - 250g","p":1.86,"u":"7,44 €/KG","img":"https://fd8-photos.leclercdrive.fr/image.ashx?id=2133617&use=l&cat=p&typeid=i","cat":314026},{"id":23372,"n":"Ricotta Les Croisés - 250g","p":1.29,"u":"5,16 €/KG","img":"https://fd8-photos.leclercdrive.fr/image.ashx?id=2133294&use=l&cat=p&typeid=i","cat":314026},{"id":23387,"n":"Gâteaux St Michel Savaroises Chocolat 8 sachets 220g","p":2.0,"u":"9,09 €/KG","img":"https://fd8-photos.leclercdrive.fr/image.ashx?id=2935693&use=l&cat=p&typeid=i","cat":284495},{"id":23411,"n":"Petits pains grillés Epi d'Or Froment - 400g","p":1.39,"u":"3,48 €/KG","img":"https://fd8-photos.leclercdrive.fr/image.ashx?id=2496413&use=l&cat=p&typeid=i","cat":284479},{"id":23412,"n":"Vermicelles Tables du Monde Haricot mungo - 100g","p":1.23,"u":"12,30 €/KG","img":"https://fd8-photos.leclercdrive.fr/image.ashx?id=2679723&use=l&cat=p&typeid=i","cat":288992},{"id":23416,"n":"Barquettes chats Tous mes amis Terrines 4 variétés - 4x85g","p":1.74,"u":"6,82 €/KG","img":"https://fd8-photos.leclercdrive.fr/image.ashx?id=2520026&use=l&cat=p&typeid=i","cat":285286},{"id":23419,"n":"Chocolat noir Equador Fourré mousse 160g","p":2.49,"u":"15,56 €/KG","img":"https://fd8-photos.leclercdrive.fr/image.ashx?id=2834299&use=l&cat=p&typeid=i","cat":284956},{"id":23429,"n":"Croquettes chat Tous mes amis Chatons - 2kg","p":4.07,"u":"2,04 €/KG","img":"https://fd8-photos.leclercdrive.fr/image.ashx?id=2710485&use=l&cat=p&typeid=i","cat":284680},{"id":23430,"n":"Croquettes chat Tous mes amis Lapin/volailles - 2kg","p":3.99,"u":"2,00 €/KG","img":"https://fd8-photos.leclercdrive.fr/image.ashx?id=2301605&use=l&cat=p&typeid=i","cat":284680},{"id":23433,"n":"Croquettes chiens Lydog Allégées - Volaille - 4kg","p":6.99,"u":"1,75 €/KG","img":"https://fd8-photos.leclercdrive.fr/image.ashx?id=1923562&use=l&cat=p&typeid=i","cat":284672},{"id":23434,"n":"Cacahuètes Tokapi Sans sel ajouté - 200g","p":0.76,"u":"3,80 €/KG","img":"https://fd8-photos.leclercdrive.fr/image.ashx?id=2858833&use=l&cat=p&typeid=i","cat":284448},{"id":23437,"n":"Maïs Notre Jardin Croquant - 285g","p":0.85,"u":"2,98 €/KG","img":"https://fd8-photos.leclercdrive.fr/image.ashx?id=1993188&use=l&cat=p&typeid=i","cat":312611},{"id":23438,"n":"Soufflés RingsTokapi Oignon - 60g","p":0.77,"u":"12,83 €/KG","img":"https://fd8-photos.leclercdrive.fr/image.ashx?id=2898838&use=l&cat=p&typeid=i","cat":284449},{"id":23439,"n":"Crème dessert Délisse Choco Billes bicompartiment 4x117g","p":1.99,"u":"4,25 €/KG","img":"https://fd8-photos.leclercdrive.fr/image.ashx?id=2965482&use=l&cat=p&typeid=i","cat":285041},{"id":23444,"n":"Quenelles Côté Table volaille Au naturel 255g","p":1.37,"u":"5,37 €/KG","img":"https://fd8-photos.leclercdrive.fr/image.ashx?id=2977870&use=l&cat=p&typeid=i","cat":284441},{"id":23449,"n":"Dessert fruitier pomme mangue Douceur du Verger s/sucre4x100g","p":1.23,"u":"3,08 €/KG","img":"https://fd8-photos.leclercdrive.fr/image.ashx?id=2530479&use=l&cat=p&typeid=i","cat":284416},{"id":23450,"n":"Yaourts aux fruits Délisse Fruits rouges - 8x125g","p":2.29,"u":"2,29 €/KG","img":"https://fd8-photos.leclercdrive.fr/image.ashx?id=2616736&use=l&cat=p&typeid=i","cat":284410},{"id":23452,"n":"Terrines chats Tous mes amis Viandes variées - 4x400g","p":3.74,"u":"2,34 €/KG","img":"https://fd8-photos.leclercdrive.fr/image.ashx?id=606862&use=l&cat=p&typeid=i","cat":285601},{"id":23493,"n":"Bonbons sans sucres Confiséo Goût café - 120g","p":2.6,"u":"21,67 €/KG","img":"https://fd8-photos.leclercdrive.fr/image.ashx?id=2934673&use=l&cat=p&typeid=i","cat":304252},{"id":23497,"n":"Bonbons Confiséo Acacia menthe eucalyptus 300g","p":2.06,"u":"6,87 €/KG","img":"https://fd8-photos.leclercdrive.fr/image.ashx?id=2934676&use=l&cat=p&typeid=i","cat":304252},{"id":23499,"n":"Huile Bio Village mélange 4 huiles biologiques - 75 cl","p":3.99,"u":"5,32 €/L","img":"https://fd8-photos.leclercdrive.fr/image.ashx?id=2882349&use=l&cat=p&typeid=i","cat":284453},{"id":23500,"n":"Bouillon de légumes Bio Village Bio - 8x10g","p":1.69,"u":"21,13 €/KG","img":"https://fd8-photos.leclercdrive.fr/image.ashx?id=1943409&use=l&cat=p&typeid=i","cat":288379},{"id":23505,"n":"Tripes à la mode de Caen Férial 500g","p":3.89,"u":"7,78 €/KG","img":"https://fd8-photos.leclercdrive.fr/image.ashx?id=2999631&use=l&cat=p&typeid=i","cat":333666},{"id":23510,"n":"Carpaccio au Parmesan Férial - 200g","p":4.35,"u":"21,75 €/KG","img":"https://fd8-photos.leclercdrive.fr/image.ashx?id=2881259&use=l&cat=p&typeid=i","cat":284328},{"id":23520,"n":"Bloc de fromage Leerdammer L'Original - 500g","p":5.47,"u":"10,94 €/KG","img":"https://fd8-photos.leclercdrive.fr/image.ashx?id=2699035&use=l&cat=p&typeid=i","cat":314034},{"id":23522,"n":"Bûche de chèvre Les Croisés Format famililal 25%mg 300g","p":2.95,"u":"9,83 €/KG","img":"https://fd8-photos.leclercdrive.fr/image.ashx?id=2949415&use=l&cat=p&typeid=i","cat":314031},{"id":23543,"n":"Bière blonde Leffe 6,6% - 12x33cl","p":13.45,"u":"3,40 €/L","img":"https://fd8-photos.leclercdrive.fr/image.ashx?id=2811578&use=l&cat=p&typeid=i","cat":334852},{"id":23546,"n":"Poêlée savoyarde Marie Aux lardons fumés - 900g","p":4.99,"u":"5,54 €/KG","img":"https://fd8-photos.leclercdrive.fr/image.ashx?id=2996782&use=l&cat=p&typeid=i","cat":319823},{"id":23552,"n":"Lait bébé poudre Nidal Nestlé 2e âge -6-12 mois - 800g","p":11.14,"u":"13,93 €/KG","img":"https://fd8-photos.leclercdrive.fr/image.ashx?id=2805597&use=l&cat=p&typeid=i","cat":284727},{"id":23553,"n":"Lait bébé 1A NIDAL GEST  0-6 mois - 800g","p":15.24,"u":"19,05 €/KG","img":"https://fd8-photos.leclercdrive.fr/image.ashx?id=2890796&use=l&cat=p&typeid=i","cat":284726},{"id":23554,"n":"Vin de l'Union Européenne rosé La Villageoise 12%vol. 1,5L","p":2.77,"u":"1,85 €/L","img":"https://fd8-photos.leclercdrive.fr/image.ashx?id=2104768&use=l&cat=p&typeid=i","cat":289558},{"id":23583,"n":"Crème Fraîche Elle&Vire Epaisse Entière - 30% MG - 33cl","p":1.99,"u":"6,03 €/L","img":"https://fd8-photos.leclercdrive.fr/image.ashx?id=3003333&use=l&cat=p&typeid=i","cat":284381},{"id":23595,"n":"Fromage raclette Les Croisés 3 poivres 26%mg 250g","p":2.99,"u":"11,96 €/KG","img":"https://fd8-photos.leclercdrive.fr/image.ashx?id=2791782&use=l&cat=p&typeid=i","cat":314037},{"id":23618,"n":"Couscous Weight Watchers Oriental 300g","p":2.62,"u":"8,73 €/KG","img":"https://fd8-photos.leclercdrive.fr/image.ashx?id=2610915&use=l&cat=p&typeid=i","cat":333665},{"id":23628,"n":"Fond de volaille Rustica 110g","p":2.21,"u":"20,09 €/KG","img":"https://fd8-photos.leclercdrive.fr/image.ashx?id=2140914&use=l&cat=p&typeid=i","cat":288379},{"id":23630,"n":"Mouliné de carottes Régal Soupe Poireaux pommes de terre 1L","p":2.16,"u":"2,16 €/L","img":"https://fd8-photos.leclercdrive.fr/image.ashx?id=2607506&use=l&cat=p&typeid=i","cat":284462},{"id":23631,"n":"Chocolat noir Equador Mini carrés 72% cacao 200g","p":4.35,"u":"21,75 €/KG","img":"https://fd8-photos.leclercdrive.fr/image.ashx?id=2856483&use=l&cat=p&typeid=i","cat":284956},{"id":23633,"n":"Crème dessert Délisse Vanille sur lit caramel 4x125g","p":1.47,"u":"2,94 €/KG","img":"https://fd8-photos.leclercdrive.fr/image.ashx?id=2441276&use=l&cat=p&typeid=i","cat":285041},{"id":23636,"n":"Bouillon de volaille Rustica Dégraissé - Tablettes 12x10g","p":0.79,"u":"6,58 €/KG","img":"https://fd8-photos.leclercdrive.fr/image.ashx?id=1880033&use=l&cat=p&typeid=i","cat":288379},{"id":23642,"n":"Huile spéciale fondue Rustica Aux aromates - 1L","p":3.45,"u":"3,45 €/L","img":"https://fd8-photos.leclercdrive.fr/image.ashx?id=2546245&use=l&cat=p&typeid=i","cat":284453},{"id":23709,"n":"Riz à la Cantonaise Marie 900g","p":4.49,"u":"4,99 €/KG","img":"https://fd8-photos.leclercdrive.fr/image.ashx?id=2996791&use=l&cat=p&typeid=i","cat":284254},{"id":23712,"n":"Saumon fumé Eco+ Atlantique - 200g","p":4.67,"u":"23,35 €/KG","img":"https://fd8-photos.leclercdrive.fr/image.ashx?id=2856733&use=l&cat=p&typeid=i","cat":285188},{"id":23715,"n":"Samoussa Tables du Monde Au boeuf - x4 - 220g","p":3.29,"u":"14,95 €/KG","img":"https://fd8-photos.leclercdrive.fr/image.ashx?id=2807190&use=l&cat=p&typeid=i","cat":333673},{"id":23717,"n":"Nem au poulet Traditions d'Asie Sauce nuoc mam - x4 - 280g","p":3.15,"u":"11,25 €/KG","img":"https://fd8-photos.leclercdrive.fr/image.ashx?id=2985222&use=l&cat=p&typeid=i","cat":333673},{"id":23726,"n":"Aluminium Eco+ 30m","p":1.89,"u":"0,06 €/MT","img":"https://fd8-photos.leclercdrive.fr/image.ashx?id=2880216&use=l&cat=p&typeid=i","cat":334134},{"id":23727,"n":"Sacs poubelle 100L Eco+ x10","p":0.76,"u":"0,08 €/P","img":"https://fd8-photos.leclercdrive.fr/image.ashx?id=1904753&use=l&cat=p&typeid=i","cat":285168},{"id":23728,"n":"Huile de tournesol Eco+ 1L","p":1.63,"u":"1,63 €/L","img":"https://fd8-photos.leclercdrive.fr/image.ashx?id=2913636&use=l&cat=p&typeid=i","cat":284453},{"id":23753,"n":"Alcool modifié Primoplast 70° 250ml","p":2.2,"u":"8,80 €/L","img":"https://fd8-photos.leclercdrive.fr/image.ashx?id=2856498&use=l&cat=p&typeid=i","cat":284630},{"id":23754,"n":"Eau oxygénée Primoplast 250ml","p":1.86,"u":"7,44 €/L","img":"https://fd8-photos.leclercdrive.fr/image.ashx?id=2832936&use=l&cat=p&typeid=i","cat":284630},{"id":23759,"n":"Vin de l'Union Européenne La Villageoise  11% Vol. - 1.5L","p":2.6,"u":"1,73 €/L","img":"https://fd8-photos.leclercdrive.fr/image.ashx?id=2153492&use=l&cat=p&typeid=i","cat":289556},{"id":23779,"n":"Camembert 21% MG Bio Bio Village - 250g","p":2.57,"u":"10,28 €/KG","img":"https://fd8-photos.leclercdrive.fr/image.ashx?id=2201492&use=l&cat=p&typeid=i","cat":314033},{"id":23788,"n":"Pizza Bio Bio Village 3 fromages - 380g","p":3.24,"u":"8,53 €/KG","img":"https://fd8-photos.leclercdrive.fr/image.ashx?id=2946202&use=l&cat=p&typeid=i","cat":284256},{"id":23791,"n":"Tartines craquantes Epi d'Or Au blé complet - 250g","p":1.29,"u":"5,16 €/KG","img":"https://fd8-photos.leclercdrive.fr/image.ashx?id=2843788&use=l&cat=p&typeid=i","cat":284479},{"id":23794,"n":"Pain grillé Epi d'Or Blé complet x24 - 500g","p":1.72,"u":"3,44 €/KG","img":"https://fd8-photos.leclercdrive.fr/image.ashx?id=2680545&use=l&cat=p&typeid=i","cat":284479},{"id":23797,"n":"Lentilles vertes Bio Village Bio 500g","p":2.15,"u":"4,30 €/KG","img":"https://fd8-photos.leclercdrive.fr/image.ashx?id=3002656&use=l&cat=p&typeid=i","cat":284430},{"id":23798,"n":"Riz Risotto Comptoir du Grain 500g","p":1.42,"u":"2,84 €/KG","img":"https://fd8-photos.leclercdrive.fr/image.ashx?id=2363283&use=l&cat=p&typeid=i","cat":284428},{"id":23799,"n":"Riz rond Comptoir du Grain Dessert - 1kg","p":1.94,"u":"1,94 €/KG","img":"https://fd8-photos.leclercdrive.fr/image.ashx?id=776471&use=l&cat=p&typeid=i","cat":284428},{"id":23936,"n":"Fromage blanc jockey Stracciatella - 4x120g","p":2.15,"u":"4,48 €/KG","img":"https://fd8-photos.leclercdrive.fr/image.ashx?id=2280011&use=l&cat=p&typeid=i","cat":314999},{"id":23937,"n":"Boisson aux fruits Oasis Pomme framboise cassis 4x2L","p":9.99,"u":"1,25 €/L","img":"https://fd8-photos.leclercdrive.fr/image.ashx?id=2118734&use=l&cat=p&typeid=i","cat":295018},{"id":23958,"n":"Dentifrice Sanogyl Blancheur et soin 3x75ml","p":7.29,"u":"32,40 €/L","img":"https://fd8-photos.leclercdrive.fr/image.ashx?id=2177995&use=l&cat=p&typeid=i","cat":284612},{"id":23963,"n":"Beurre Tendre Les Croisés Demi-sel Allegé - 40% MG - 250g","p":2.25,"u":"9,00 €/KG","img":"https://fd8-photos.leclercdrive.fr/image.ashx?id=2839912&use=l&cat=p&typeid=i","cat":284379},{"id":23968,"n":"Roquefort AOP Les Croisés Tranché 150g","p":2.29,"u":"15,27 €/KG","img":"https://fd8-photos.leclercdrive.fr/image.ashx?id=2676537&use=l&cat=p&typeid=i","cat":314032},{"id":23972,"n":"Fusili Côté Snack Pâtes Bolognaise - 300g","p":1.89,"u":"6,30 €/KG","img":"https://fd8-photos.leclercdrive.fr/image.ashx?id=1074374&use=l&cat=p&typeid=i","cat":334983},{"id":23973,"n":"Fusili Côté Snack Pâtes Carbonara - 300g","p":1.89,"u":"6,30 €/KG","img":"https://fd8-photos.leclercdrive.fr/image.ashx?id=1074377&use=l&cat=p&typeid=i","cat":334983},{"id":24009,"n":"Crackers Tuc Fromage - 100g","p":1.18,"u":"11,80 €/KG","img":"https://fd8-photos.leclercdrive.fr/image.ashx?id=3002291&use=l&cat=p&typeid=i","cat":297000},{"id":24035,"n":"Echalotes semoule Rustica 36g","p":1.29,"u":"35,83 €/KG","img":"https://fd8-photos.leclercdrive.fr/image.ashx?id=2772951&use=l&cat=p&typeid=i","cat":298297},{"id":24043,"n":"Thé vert Britley Menthe x25 sachets - 40g","p":0.79,"u":"19,75 €/KG","img":"https://fd8-photos.leclercdrive.fr/image.ashx?id=2672930&use=l&cat=p&typeid=i","cat":293233},{"id":24049,"n":"Pâtée chats Tous mes amis Thon en sauce - 80g","p":0.99,"u":"12,38 €/KG","img":"https://fd8-photos.leclercdrive.fr/image.ashx?id=2450306&use=l&cat=p&typeid=i","cat":285601},{"id":24050,"n":"Pâtée chats Tous mes amis Poulet en sauce - 80g","p":0.99,"u":"12,38 €/KG","img":"https://fd8-photos.leclercdrive.fr/image.ashx?id=2450309&use=l&cat=p&typeid=i","cat":285601},{"id":24051,"n":"Pâtée pour chats Tous mes amis Thon aux crevettes - 80g","p":0.99,"u":"12,38 €/KG","img":"https://fd8-photos.leclercdrive.fr/image.ashx?id=1971897&use=l&cat=p&typeid=i","cat":285601},{"id":24081,"n":"Mayonnaise Fins Gourmets MAILLE Bocal - 320g","p":2.75,"u":"8,59 €/KG","img":"https://fd8-photos.leclercdrive.fr/image.ashx?id=2812750&use=l&cat=p&typeid=i","cat":298295},{"id":24082,"n":"Mayonnaise Fine MAILLE Qualité Traiteur Bocal - 320g","p":2.78,"u":"8,69 €/KG","img":"https://fd8-photos.leclercdrive.fr/image.ashx?id=2908369&use=l&cat=p&typeid=i","cat":298295},{"id":24085,"n":"Pizza la Moelleuse Turini Royale - 600g","p":3.36,"u":"5,60 €/KG","img":"https://fd8-photos.leclercdrive.fr/image.ashx?id=2815641&use=l&cat=p&typeid=i","cat":284256},{"id":24088,"n":"Pizza la Moelleuse Turini 6 Fromages - 600g","p":3.63,"u":"6,05 €/KG","img":"https://fd8-photos.leclercdrive.fr/image.ashx?id=2815638&use=l&cat=p&typeid=i","cat":284256},{"id":24094,"n":"Jus de pommes pressées Andros 1,5L","p":3.79,"u":"2,53 €/L","img":"https://fd8-photos.leclercdrive.fr/image.ashx?id=2902981&use=l&cat=p&typeid=i","cat":285435},{"id":24162,"n":"Vinaigre balsamique Bio Village Bio 50cl","p":3.49,"u":"6,98 €/L","img":"https://fd8-photos.leclercdrive.fr/image.ashx?id=2865206&use=l&cat=p&typeid=i","cat":298543},{"id":24163,"n":"Infusion Tiséa Tilleul Citron 25 sachets 34g","p":1.69,"u":"48,29 €/KG","img":"https://fd8-photos.leclercdrive.fr/image.ashx?id=2854240&use=l&cat=p&typeid=i","cat":293234},{"id":24164,"n":"Thé vert Briley 32.5g","p":0.79,"u":"24,69 €/KG","img":"https://fd8-photos.leclercdrive.fr/image.ashx?id=2645939&use=l&cat=p&typeid=i","cat":293233},{"id":24186,"n":"Bandes à découper Mercurochrome 5 bandes - 10x6cm","p":1.78,"img":"https://fd8-photos.leclercdrive.fr/image.ashx?id=2862152&use=l&cat=p&typeid=i","cat":284630},{"id":24187,"n":"AOP Champagne Nicolas Feuillatte Brut Rosé - 75cl","p":23.5,"u":"31,33 €/L","img":"https://fd8-photos.leclercdrive.fr/image.ashx?id=2486338&use=l&cat=p&typeid=i","cat":284542},{"id":24258,"n":"Philadelphia Nature - 300g","p":2.99,"u":"9,97 €/KG","img":"https://fd8-photos.leclercdrive.fr/image.ashx?id=2787863&use=l&cat=p&typeid=i","cat":314029},{"id":24296,"n":"Sauce apéritif Old El Paso Salsa doux - 312g","p":2.03,"u":"6,51 €/KG","img":"https://fd8-photos.leclercdrive.fr/image.ashx?id=2859944&use=l&cat=p&typeid=i","cat":288993},{"id":24350,"n":"Lingettes rince doigt Clair x24","p":1.96,"u":"0,08 €/P","img":"https://fd8-photos.leclercdrive.fr/image.ashx?id=2949418&use=l&cat=p&typeid=i","cat":325358},{"id":24363,"n":"Boisson lactée Délisse Chocolat - 6x20cl","p":2.17,"u":"1,81 €/L","img":"https://fd8-photos.leclercdrive.fr/image.ashx?id=3015245&use=l&cat=p&typeid=i","cat":295246},{"id":24390,"n":"Pétales de blé Eco+ Chocolat - 750g","p":2.03,"u":"2,71 €/KG","img":"https://fd8-photos.leclercdrive.fr/image.ashx?id=2927836&use=l&cat=p&typeid=i","cat":309513},{"id":24403,"n":"Vodka Novotna Pure grain 37.5%vol - 1L","p":14.99,"u":"14,99 €/L","img":"https://fd8-photos.leclercdrive.fr/image.ashx?id=784848&use=l&cat=p&typeid=i","cat":284550},{"id":24410,"n":"Bonbons Copains Copines Tendres fruits - 360 g","p":2.05,"u":"5,69 €/KG","img":"https://fd8-photos.leclercdrive.fr/image.ashx?id=2934694&use=l&cat=p&typeid=i","cat":304250},{"id":24418,"n":"Sauces gourmandes Rustica Pour viande 4 saveurs - 4x90g","p":2.41,"u":"6,69 €/KG","img":"https://fd8-photos.leclercdrive.fr/image.ashx?id=2275513&use=l&cat=p&typeid=i","cat":318430},{"id":24419,"n":"Caramels durs Confiséo A la crème fraîche - 175g","p":1.62,"u":"9,26 €/KG","img":"https://fd8-photos.leclercdrive.fr/image.ashx?id=2934691&use=l&cat=p&typeid=i","cat":304252},{"id":24420,"n":"Galettes Bretonnes NRT 100g","p":1.68,"u":"16,80 €/KG","img":"https://fd8-photos.leclercdrive.fr/image.ashx?id=2909419&use=l&cat=p&typeid=i","cat":284487},{"id":24474,"n":"Petites crevettes roses Pêche Océan - 125g","p":2.49,"u":"19,92 €/KG","img":"https://fd8-photos.leclercdrive.fr/image.ashx?id=2953635&use=l&cat=p&typeid=i","cat":284343},{"id":24492,"n":"Blanc de poulet Tradilège Doré à la broche - 120g","p":1.39,"u":"11,58 €/KG","img":"https://fd8-photos.leclercdrive.fr/image.ashx?id=2974864&use=l&cat=p&typeid=i","cat":316010},{"id":24495,"n":"Capsules Nescafé Dolce Gusto  Nesquik - x16","p":4.5,"u":"17,58 €/KG","img":"https://fd8-photos.leclercdrive.fr/image.ashx?id=2946634&use=l&cat=p&typeid=i","cat":293239},{"id":24500,"n":"Pain de mie nature Epi d'Or Sans croute - 500g","p":1.39,"u":"2,78 €/KG","img":"https://fd8-photos.leclercdrive.fr/image.ashx?id=2209282&use=l&cat=p&typeid=i","cat":284477},{"id":24520,"n":"Shampoing illuminant Dessange Cheveux blonds colorés - 250ml","p":3.89,"u":"15,56 €/L","img":"https://fd8-photos.leclercdrive.fr/image.ashx?id=2575621&use=l&cat=p&typeid=i","cat":284606},{"id":24615,"n":"Soin de jour Bio vital Mixa Tube 50ml","p":7.02,"u":"140,40 €/L","img":"https://fd8-photos.leclercdrive.fr/image.ashx?id=2286350&use=l&cat=p&typeid=i","cat":325345},{"id":24642,"n":"Déodorant Rexona Confidence Stick anti-transpirant - 45ml","p":4.58,"u":"101,78 €/L","img":"https://fd8-photos.leclercdrive.fr/image.ashx?id=2738194&use=l&cat=p&typeid=i","cat":284595},{"id":24652,"n":"Déodorant Stick Rexona Anti- Transpirant CleanScent 96H 45ml","p":3.48,"u":"77,33 €/L","img":"https://fd8-photos.leclercdrive.fr/image.ashx?id=2895101&use=l&cat=p&typeid=i","cat":284595},{"id":24659,"n":"Secret de mousse la Laitière Chocolat au lait - 8x59g","p":3.28,"u":"6,95 €/KG","img":"https://fd8-photos.leclercdrive.fr/image.ashx?id=3007984&use=l&cat=p&typeid=i","cat":284417},{"id":24665,"n":"Petit Brie Président 500g","p":5.99,"u":"11,98 €/KG","img":"https://fd8-photos.leclercdrive.fr/image.ashx?id=2504359&use=l&cat=p&typeid=i","cat":314033},{"id":24666,"n":"Roquefort AOP Société Fromage de brebis - 100g","p":2.89,"u":"28,90 €/KG","img":"https://fd8-photos.leclercdrive.fr/image.ashx?id=2729683&use=l&cat=p&typeid=i","cat":314032},{"id":24671,"n":"Crème Chantilly Bridelice Légère fouettée 20%mg - 250g","p":2.89,"u":"11,56 €/KG","img":"https://fd8-photos.leclercdrive.fr/image.ashx?id=2939313&use=l&cat=p&typeid=i","cat":284382},{"id":24674,"n":"Dentifrice Dentamyl 2en1 blancheur 75ml","p":1.3,"u":"17,33 €/L","img":"https://fd8-photos.leclercdrive.fr/image.ashx?id=2613834&use=l&cat=p&typeid=i","cat":284612},{"id":24694,"n":"Brosses à dent souple Dentamyl x4","p":0.99,"u":"0,25 €/P","img":"https://fd8-photos.leclercdrive.fr/image.ashx?id=2790946&use=l&cat=p&typeid=i","cat":284614},{"id":24759,"n":"Mini nems Tables du Monde porc x5/poulet x5 +sauce - 220g","p":2.99,"u":"13,59 €/KG","img":"https://fd8-photos.leclercdrive.fr/image.ashx?id=2613276&use=l&cat=p&typeid=i","cat":333673},{"id":24847,"n":"Gâche tranchée ovale NRT Beurre - 450g","p":2.48,"u":"5,51 €/KG","img":"https://fd8-photos.leclercdrive.fr/image.ashx?id=2670443&use=l&cat=p&typeid=i","cat":284478},{"id":24879,"n":"Boisson apéritif Voltano Base de vin Rosato 14.4%vol 1L","p":4.99,"u":"4,99 €/L","img":"https://fd8-photos.leclercdrive.fr/image.ashx?id=3007040&use=l&cat=p&typeid=i","cat":284913},{"id":24886,"n":"Bâtonnets Trium Vanille Spéculoos x4 - 280g","p":3.19,"u":"11,39 €/KG","img":"https://fd8-photos.leclercdrive.fr/image.ashx?id=2920770&use=l&cat=p&typeid=i","cat":284265},{"id":24906,"n":"Mozzarella mini billes  Les Croisés - 150g","p":1.7,"u":"11,33 €/KG","img":"https://fd8-photos.leclercdrive.fr/image.ashx?id=2463468&use=l&cat=p&typeid=i","cat":314026},{"id":24961,"n":"Soin de jour L'Oréal Paris Age Perfect anti-âge - 50ml","p":11.97,"pp":7.9,"u":"158,00 €/L","img":"https://fd8-photos.leclercdrive.fr/image.ashx?id=2868047&use=l&cat=p&typeid=i","cat":325345},{"id":24967,"n":"Fondue Savoyarde RichesMonts  3 fromages - 450g","p":5.78,"u":"12,84 €/KG","img":"https://fd8-photos.leclercdrive.fr/image.ashx?id=2986239&use=l&cat=p&typeid=i","cat":314037},{"id":24968,"n":"Fromage de chèvre Petit Billy 45%mg - 200g","p":2.75,"u":"13,75 €/KG","img":"https://fd8-photos.leclercdrive.fr/image.ashx?id=2543136&use=l&cat=p&typeid=i","cat":314031},{"id":24970,"n":"Crottin de chèvre Rians 23%mg - 2x60g","p":2.95,"u":"24,58 €/KG","img":"https://fd8-photos.leclercdrive.fr/image.ashx?id=2762094&use=l&cat=p&typeid=i","cat":314031},{"id":24971,"n":"Fromage Le Chèvre Soignon Boîte - 180g","p":3.09,"u":"17,17 €/KG","img":"https://fd8-photos.leclercdrive.fr/image.ashx?id=2676723&use=l&cat=p&typeid=i","cat":314031},{"id":24972,"n":"Chèvre à dorer Les Croisés x4 - 100g","p":1.77,"u":"17,70 €/KG","img":"https://fd8-photos.leclercdrive.fr/image.ashx?id=2460592&use=l&cat=p&typeid=i","cat":314027},{"id":24977,"n":"Pain hot dog Jacquet x4 -  240g","p":1.95,"u":"8,13 €/KG","img":"https://fd8-photos.leclercdrive.fr/image.ashx?id=2799293&use=l&cat=p&typeid=i","cat":284985},{"id":25006,"n":"Sauce béchamel Maggi Saveur à l'ancienne sachet -60g","p":0.52,"u":"8,67 €/KG","img":"https://fd8-photos.leclercdrive.fr/image.ashx?id=2697297&use=l&cat=p&typeid=i","cat":288381},{"id":25010,"n":"Barres Chocolatées KINDER Maxi Chocolat au Lait x10 - 210g","p":3.79,"u":"18,05 €/KG","img":"https://fd8-photos.leclercdrive.fr/image.ashx?id=2679609&use=l&cat=p&typeid=i","cat":284498},{"id":25027,"n":"Pots soir bébé bio Babybio Légumes riz - 6 mois - 2x200g","p":2.51,"u":"6,28 €/KG","img":"https://fd8-photos.leclercdrive.fr/image.ashx?id=2833474&use=l&cat=p&typeid=i","cat":312239},{"id":25028,"n":"Assiette Babybio Bio 12 mois Panais carotte polenta - 230g","p":1.63,"u":"7,09 €/KG","img":"https://fd8-photos.leclercdrive.fr/image.ashx?id=2875390&use=l&cat=p&typeid=i","cat":312239},{"id":25029,"n":"Assiette bébé bio Babybio Légumes agneau - 12 mois - 230g","p":2.0,"u":"8,70 €/KG","img":"https://fd8-photos.leclercdrive.fr/image.ashx?id=2855909&use=l&cat=p&typeid=i","cat":312237},{"id":25030,"n":"Petits pots Babynat Petits pois Cabillaud - 8mois 2x200g","p":2.75,"u":"6,88 €/KG","img":"https://fd8-photos.leclercdrive.fr/image.ashx?id=2825742&use=l&cat=p&typeid=i","cat":312236},{"id":25035,"n":"Salade Menu Fraîcheur Concombre au fromage blanc 300g","p":1.64,"u":"5,47 €/KG","img":"https://fd8-photos.leclercdrive.fr/image.ashx?id=2901443&use=l&cat=p&typeid=i","cat":333657},{"id":25044,"n":"Nettoyant spray Clair Salle de bain - Mousse - 600ml","p":1.99,"u":"3,32 €/L","img":"https://fd8-photos.leclercdrive.fr/image.ashx?id=2856678&use=l&cat=p&typeid=i","cat":325357},{"id":25049,"n":"Lames de rasoir Carré Homme 3 lames - x4","p":3.45,"u":"0,86 €/P","img":"https://fd8-photos.leclercdrive.fr/image.ashx?id=2704624&use=l&cat=p&typeid=i","cat":284616},{"id":25051,"n":"Boulettes de boeuf Férial x30 - 900g","p":7.39,"u":"8,21 €/KG","img":"https://fd8-photos.leclercdrive.fr/image.ashx?id=2966520&use=l&cat=p&typeid=i","cat":319779},{"id":25061,"n":"Cornichons Rustica Vinaigre - 360g","p":1.65,"u":"4,58 €/KG","img":"https://fd8-photos.leclercdrive.fr/image.ashx?id=2799763&use=l&cat=p&typeid=i","cat":284458},{"id":25064,"n":"Film étirable Alfapac Extensible auto-adhérent 50m","p":2.36,"img":"https://fd8-photos.leclercdrive.fr/image.ashx?id=2918271&use=l&cat=p&typeid=i","cat":334134},{"id":25072,"n":"Mascarpone Casa Azzurra 500g","p":6.43,"u":"12,86 €/KG","img":"https://fd8-photos.leclercdrive.fr/image.ashx?id=2290269&use=l&cat=p&typeid=i","cat":314026},{"id":25079,"n":"Mozzarella bufala Casa Azzurra Boule - 125g","p":2.29,"u":"18,32 €/KG","img":"https://fd8-photos.leclercdrive.fr/image.ashx?id=2899533&use=l&cat=p&typeid=i","cat":314026},{"id":25080,"n":"Parmigiano Reggiano AOP Les Croisés - 200G","p":4.99,"u":"24,95 €/KG","img":"https://fd8-photos.leclercdrive.fr/image.ashx?id=2903959&use=l&cat=p&typeid=i","cat":314034},{"id":25085,"n":"Lait bio Bio Village Bouteille  Demi-écrémé UHT -  6x50cl","p":5.22,"u":"1,74 €/L","img":"https://fd8-photos.leclercdrive.fr/image.ashx?id=2970003&use=l&cat=p&typeid=i","cat":284377},{"id":25093,"n":"Yaourts brassés Délisse Fruits jaunes - 8x125 g","p":2.28,"u":"2,28 €/KG","img":"https://fd8-photos.leclercdrive.fr/image.ashx?id=2495536&use=l&cat=p&typeid=i","cat":284410},{"id":25095,"n":"Yaourts brassés Délisse Fruits rouges - 8X125g","p":2.27,"u":"2,27 €/KG","img":"https://fd8-photos.leclercdrive.fr/image.ashx?id=2494217&use=l&cat=p&typeid=i","cat":284410},{"id":25124,"n":"Pur jus Multifruits Bio Village Bio - 6x20cl","p":3.11,"u":"2,59 €/L","img":"https://fd8-photos.leclercdrive.fr/image.ashx?id=2843626&use=l&cat=p&typeid=i","cat":284524},{"id":25125,"n":"Pur jus d'orange Bio Village Bio - 6x20cl","p":2.99,"u":"2,49 €/L","img":"https://fd8-photos.leclercdrive.fr/image.ashx?id=2671016&use=l&cat=p&typeid=i","cat":284521},{"id":25153,"n":"Confiture Bonne Maman Abricots - 750g","p":5.32,"u":"7,09 €/KG","img":"https://fd8-photos.leclercdrive.fr/image.ashx?id=2125731&use=l&cat=p&typeid=i","cat":284480},{"id":25164,"n":"Crème dessert Délisse Chocolat noir 4x125g","p":1.05,"u":"2,10 €/KG","img":"https://fd8-photos.leclercdrive.fr/image.ashx?id=2694283&use=l&cat=p&typeid=i","cat":285041},{"id":25171,"n":"Lardons fumés Tradilège Moins 25% de sel 2x75g","p":1.65,"u":"11,00 €/KG","img":"https://fd8-photos.leclercdrive.fr/image.ashx?id=2955267&use=l&cat=p&typeid=i","cat":316011},{"id":25172,"n":"Sacs poubelle 30L Alfapac Ultra résistant Coulissac - x20","p":3.53,"u":"0,18 €/P","img":"https://fd8-photos.leclercdrive.fr/image.ashx?id=2732359&use=l&cat=p&typeid=i","cat":285168},{"id":25178,"n":"Confiture Bonne Maman Prunes bocal - 370g","p":1.68,"u":"4,54 €/KG","img":"https://fd8-photos.leclercdrive.fr/image.ashx?id=2574008&use=l&cat=p&typeid=i","cat":284480},{"id":25186,"n":"Confiture pêches Bonne Maman Bocal - 370g","p":1.99,"u":"5,38 €/KG","img":"https://fd8-photos.leclercdrive.fr/image.ashx?id=2482969&use=l&cat=p&typeid=i","cat":284480},{"id":25193,"n":"Dessert Déli'light Délisse Vanille - 8x125g","p":2.33,"u":"2,33 €/KG","img":"https://fd8-photos.leclercdrive.fr/image.ashx?id=2882319&use=l&cat=p&typeid=i","cat":315000},{"id":25205,"n":"Pois carottes D'aucy  Tendres et fondants -530g","p":1.85,"u":"3,49 €/KG","img":"https://fd8-photos.leclercdrive.fr/image.ashx?id=2426367&use=l&cat=p&typeid=i","cat":312607},{"id":25207,"n":"Cornichons Rustica Extra fins - 185g","p":1.28,"u":"6,92 €/KG","img":"https://fd8-photos.leclercdrive.fr/image.ashx?id=2799760&use=l&cat=p&typeid=i","cat":284458},{"id":25236,"n":"Croque Jambon Père Dodu  Dinde x2 - 200g","p":2.35,"u":"11,75 €/KG","img":"https://fd8-photos.leclercdrive.fr/image.ashx?id=2956984&use=l&cat=p&typeid=i","cat":333683},{"id":25283,"n":"Barres céréales Grany Pommes - 125g","p":2.05,"u":"16,40 €/KG","img":"https://fd8-photos.leclercdrive.fr/image.ashx?id=3002093&use=l&cat=p&typeid=i","cat":285869},{"id":25321,"n":"Protège pieds Tissaia T35/37 noir - x2","p":3.5,"u":"1,75 €/P","img":"https://fd8-photos.leclercdrive.fr/image.ashx?id=2193371&use=l&cat=p&typeid=i","cat":334130},{"id":25323,"n":"Protège pieds opaque Tissaia  T35/37 beige - x2","p":3.5,"u":"1,75 €/P","img":"https://fd8-photos.leclercdrive.fr/image.ashx?id=2193374&use=l&cat=p&typeid=i","cat":334130},{"id":25337,"n":"Café moulu L'Or Absolu 100% Arabica - 2x250g","p":8.54,"u":"17,08 €/KG","img":"https://fd8-photos.leclercdrive.fr/image.ashx?id=2294935&use=l&cat=p&typeid=i","cat":284750},{"id":25342,"n":"Céréales Trésor Kellogg's Chocolat au lait - 1kg","p":6.49,"u":"6,49 €/KG","img":"https://fd8-photos.leclercdrive.fr/image.ashx?id=2598319&use=l&cat=p&typeid=i","cat":309513},{"id":25359,"n":"Tablette chocolat blanc Lindt Vanille - 100g","p":2.45,"u":"24,50 €/KG","img":"https://fd8-photos.leclercdrive.fr/image.ashx?id=2755318&use=l&cat=p&typeid=i","cat":284957},{"id":25361,"n":"Chocolat Pâtissier Nestlé Dessert : Caramel - 170g","p":3.19,"u":"18,76 €/KG","img":"https://fd8-photos.leclercdrive.fr/image.ashx?id=2902346&use=l&cat=p&typeid=i","cat":285562},{"id":25366,"n":"Tablette de chocolat noir Lindt 90% cacao - 100g","p":2.29,"u":"22,90 €/KG","img":"https://fd8-photos.leclercdrive.fr/image.ashx?id=2689502&use=l&cat=p&typeid=i","cat":284956},{"id":25370,"n":"Tablette chocolat Côte d'Or Chocolat lait/Noisettes - 200g","p":4.46,"u":"22,30 €/KG","img":"https://fd8-photos.leclercdrive.fr/image.ashx?id=2961218&use=l&cat=p&typeid=i","cat":284497},{"id":25385,"n":"Tablette chocolat Côte d'Or Chocolat lait/praliné - 200g","p":3.85,"u":"19,25 €/KG","img":"https://fd8-photos.leclercdrive.fr/image.ashx?id=2938076&use=l&cat=p&typeid=i","cat":284497},{"id":25393,"n":"Pâte à pizza Bio Bio village - 260g","p":1.82,"u":"7,00 €/KG","img":"https://fd8-photos.leclercdrive.fr/image.ashx?id=2879955&use=l&cat=p&typeid=i","cat":333681},{"id":25407,"n":"Bonbons LUTTI Luttimint Menthe - 250g","p":1.27,"u":"5,08 €/KG","img":"https://fd8-photos.leclercdrive.fr/image.ashx?id=2815019&use=l&cat=p&typeid=i","cat":304252},{"id":25408,"n":"Dragolo Haribo Sachet bonbons - 300g","p":1.89,"u":"6,30 €/KG","img":"https://fd8-photos.leclercdrive.fr/image.ashx?id=2803574&use=l&cat=p&typeid=i","cat":304250},{"id":25424,"n":"Pâtes Farfalle Panzani 1kg","p":2.13,"u":"2,13 €/KG","img":"https://fd8-photos.leclercdrive.fr/image.ashx?id=2876047&use=l&cat=p&typeid=i","cat":284427},{"id":25425,"n":"Biscuits apéritif Lay's 3D's Goût Cacahuetes - 85g","p":0.89,"u":"10,47 €/KG","img":"https://fd8-photos.leclercdrive.fr/image.ashx?id=2916824&use=l&cat=p&typeid=i","cat":284449},{"id":25426,"n":"Infusion détente Bio Village Bio - x20 - 30g","p":1.79,"u":"59,67 €/KG","img":"https://fd8-photos.leclercdrive.fr/image.ashx?id=2553929&use=l&cat=p&typeid=i","cat":293234},{"id":25432,"n":"Herbes de provence Ducros Boîte ménagère 40g","p":0.9,"u":"22,50 €/KG","img":"https://fd8-photos.leclercdrive.fr/image.ashx?id=2486548&use=l&cat=p&typeid=i","cat":298297},{"id":25445,"n":"Lait poudre Croissance Modilac  De 12 mois à 36 mois - 800g","p":14.61,"u":"18,26 €/KG","img":"https://fd8-photos.leclercdrive.fr/image.ashx?id=2873390&use=l&cat=p&typeid=i","cat":290219},{"id":25446,"n":"Lait croissance Nidal Nestlé Dès 12 mois - 800g","p":9.05,"u":"11,31 €/KG","img":"https://fd8-photos.leclercdrive.fr/image.ashx?id=2806405&use=l&cat=p&typeid=i","cat":290219},{"id":25452,"n":"Sucettes au lait Chupa Chups Sachet - 192g","p":2.01,"u":"10,47 €/KG","img":"https://fd8-photos.leclercdrive.fr/image.ashx?id=2647648&use=l&cat=p&typeid=i","cat":304252},{"id":25465,"n":"Recharge distributeur Canderel Comprimés x600 - 51g","p":5.29,"u":"103,73 €/KG","img":"https://fd8-photos.leclercdrive.fr/image.ashx?id=2811008&use=l&cat=p&typeid=i","cat":324846},{"id":25482,"n":"Soupe liquide Liebig  Cèpes et Bolets - 1L","p":3.09,"u":"3,09 €/L","img":"https://fd8-photos.leclercdrive.fr/image.ashx?id=2766728&use=l&cat=p&typeid=i","cat":284462},{"id":25485,"n":"Miel de fleurs Lune de Miel Spécialités 500g","p":3.63,"u":"7,26 €/KG","img":"https://fd8-photos.leclercdrive.fr/image.ashx?id=2972409&use=l&cat=p&typeid=i","cat":287643},{"id":25492,"n":"Confiture Bonne Maman Fraise & fraises des bois 370g","p":2.43,"u":"6,57 €/KG","img":"https://fd8-photos.leclercdrive.fr/image.ashx?id=2999841&use=l&cat=p&typeid=i","cat":284480},{"id":25493,"n":"Bouillon Cube Maggi Pot au feu - 180g","p":1.46,"u":"8,11 €/KG","img":"https://fd8-photos.leclercdrive.fr/image.ashx?id=2212315&use=l&cat=p&typeid=i","cat":288379},{"id":25499,"n":"Brosse à dents pro Dentamyl Blancheur x1","p":1.32,"img":"https://fd8-photos.leclercdrive.fr/image.ashx?id=2790916&use=l&cat=p&typeid=i","cat":284614},{"id":25515,"n":"Eau minérale naturelle Vittel 6x1L","p":2.58,"u":"0,43 €/L","img":"https://fd8-photos.leclercdrive.fr/image.ashx?id=2276654&use=l&cat=p&typeid=i","cat":284535},{"id":25516,"n":"Eau de source Cristaline 12x50cl","p":2.04,"u":"0,34 €/L","img":"https://fd8-photos.leclercdrive.fr/image.ashx?id=2872874&use=l&cat=p&typeid=i","cat":284535},{"id":25525,"n":"Boisson aux fruits Oasis Tropical - 4x50cl","p":4.65,"u":"2,33 €/L","img":"https://fd8-photos.leclercdrive.fr/image.ashx?id=3014446&use=l&cat=p&typeid=i","cat":295018},{"id":25527,"n":"Boisson aux fruits Oasis Multifruits - 2L","p":2.65,"u":"1,33 €/L","img":"https://fd8-photos.leclercdrive.fr/image.ashx?id=2688674&use=l&cat=p&typeid=i","cat":295018},{"id":25530,"n":"Sucre Béghin Say pure canne petits morceaux - 1kg","p":2.99,"u":"2,99 €/KG","img":"https://fd8-photos.leclercdrive.fr/image.ashx?id=2949919&use=l&cat=p&typeid=i","cat":284502},{"id":25541,"n":"Soda à l'orange Orangina 6x25cl","p":4.25,"u":"2,83 €/L","img":"https://fd8-photos.leclercdrive.fr/image.ashx?id=2495653&use=l&cat=p&typeid=i","cat":284532},{"id":25550,"n":"Soda Schweppes Indian Tonic Zero - 1,5L","p":1.85,"u":"1,23 €/L","img":"https://fd8-photos.leclercdrive.fr/image.ashx?id=2852393&use=l&cat=p&typeid=i","cat":284531},{"id":25553,"n":"Soda Schweppes Saveur Agrumes - 4x50cl","p":4.59,"u":"2,30 €/L","img":"https://fd8-photos.leclercdrive.fr/image.ashx?id=2852402&use=l&cat=p&typeid=i","cat":284532},{"id":25554,"n":"Soda Schweppes Saveur Citron Zero - 1,5L","p":1.79,"u":"1,19 €/L","img":"https://fd8-photos.leclercdrive.fr/image.ashx?id=2852396&use=l&cat=p&typeid=i","cat":284532},{"id":25557,"n":"Soda Schweppes Saveur Pomme - 1,5L","p":1.96,"u":"1,31 €/L","img":"https://fd8-photos.leclercdrive.fr/image.ashx?id=2852411&use=l&cat=p&typeid=i","cat":284532},{"id":25561,"n":"Jus de fruits Tropicana Multivitaminés Essentiels - 1L","p":2.78,"u":"2,78 €/L","img":"https://fd8-photos.leclercdrive.fr/image.ashx?id=2605641&use=l&cat=p&typeid=i","cat":284917},{"id":25567,"n":"Jus d'orange Jafaden A base de concentré  - 2L","p":3.51,"u":"1,76 €/L","img":"https://fd8-photos.leclercdrive.fr/image.ashx?id=2751892&use=l&cat=p&typeid=i","cat":284521},{"id":25575,"n":"Limonade artisanale Lorina Bouteille - 1L","p":3.26,"u":"3,26 €/L","img":"https://fd8-photos.leclercdrive.fr/image.ashx?id=2735137&use=l&cat=p&typeid=i","cat":284531},{"id":25576,"n":"Limonade Cristal Lorina 1,25L","p":2.35,"u":"1,88 €/L","img":"https://fd8-photos.leclercdrive.fr/image.ashx?id=2575555&use=l&cat=p&typeid=i","cat":284531},{"id":25586,"n":"Apéritif à base de vin Martini Rosato 14,4° - 100cl","p":9.1,"u":"9,10 €/L","img":"https://fd8-photos.leclercdrive.fr/image.ashx?id=2842537&use=l&cat=p&typeid=i","cat":284913},{"id":25587,"n":"Vin mousseux de France Kriter Blanc Brut - 75cl","p":4.4,"u":"5,87 €/L","img":"https://fd8-photos.leclercdrive.fr/image.ashx?id=2840868&use=l&cat=p&typeid=i","cat":284544},{"id":25589,"n":"Nectar Bio Pressade Orange pêche abricot - 1,5L","p":2.43,"u":"1,62 €/L","img":"https://fd8-photos.leclercdrive.fr/image.ashx?id=2732503&use=l&cat=p&typeid=i","cat":284521},{"id":25593,"n":"Boisson aux fruits Capri Sun Multivitaminé - 10x20cl","p":3.45,"u":"1,73 €/L","img":"https://fd8-photos.leclercdrive.fr/image.ashx?id=2447067&use=l&cat=p&typeid=i","cat":295018},{"id":25596,"n":"Nectar Bio Pressade Multifruits - 6x20cl","p":2.85,"u":"2,38 €/L","img":"https://fd8-photos.leclercdrive.fr/image.ashx?id=2732518&use=l&cat=p&typeid=i","cat":284524},{"id":25607,"n":"Eau minérale gazeuse Perrier  Naturelle  - 6x50cl","p":3.7,"u":"1,23 €/L","img":"https://fd8-photos.leclercdrive.fr/image.ashx?id=2493916&use=l&cat=p&typeid=i","cat":284536},{"id":25609,"n":"Saucisses aux lentilles  William Saurin- 840g","p":3.45,"u":"4,11 €/KG","img":"https://fd8-photos.leclercdrive.fr/image.ashx?id=2890070&use=l&cat=p&typeid=i","cat":284441},{"id":25613,"n":"Boisson énergétique Powerade Cerise - 50cl","p":1.25,"u":"2,50 €/L","img":"https://fd8-photos.leclercdrive.fr/image.ashx?id=2774220&use=l&cat=p&typeid=i","cat":284533},{"id":25614,"n":"Boisson Citronnade Pulco Citron - 1,5L","p":2.25,"u":"1,50 €/L","img":"https://fd8-photos.leclercdrive.fr/image.ashx?id=2941526&use=l&cat=p&typeid=i","cat":295018},{"id":25615,"n":"Concentré à diluer Pulco Agrumes - 70cl","p":3.15,"u":"4,50 €/L","img":"https://fd8-photos.leclercdrive.fr/image.ashx?id=2687851&use=l&cat=p&typeid=i","cat":295020},{"id":25619,"n":"Pastis Ricard Anisé 45% vol - 1,5L","p":29.75,"u":"19,83 €/L","img":"https://fd8-photos.leclercdrive.fr/image.ashx?id=2839115&use=l&cat=p&typeid=i","cat":284548},{"id":25623,"n":"Sirop Moulin de Valdonne  Kiwi banane - 70cl","p":3.47,"u":"4,96 €/L","img":"https://fd8-photos.leclercdrive.fr/image.ashx?id=2170580&use=l&cat=p&typeid=i","cat":295020},{"id":25627,"n":"Sirop Moulin de Valdonne Violette - 70cl","p":2.18,"u":"3,11 €/L","img":"https://fd8-photos.leclercdrive.fr/image.ashx?id=2756918&use=l&cat=p&typeid=i","cat":295020},{"id":25630,"n":"Taboulé Menu Fraîcheur Poulet - 500g","p":2.11,"u":"4,22 €/KG","img":"https://fd8-photos.leclercdrive.fr/image.ashx?id=2901449&use=l&cat=p&typeid=i","cat":333657},{"id":25632,"n":"Vodka Absolut 40% vol - 70cl","p":17.72,"u":"25,31 €/L","img":"https://fd8-photos.leclercdrive.fr/image.ashx?id=2887239&use=l&cat=p&typeid=i","cat":284550},{"id":25661,"n":"Rasoir Siliss 3 lames - +1 recharge","p":4.25,"img":"https://fd8-photos.leclercdrive.fr/image.ashx?id=2699411&use=l&cat=p&typeid=i","cat":325352},{"id":25663,"n":"Chips à l'ancienne Pom'Lisse Nature - 270g","p":1.85,"u":"6,85 €/KG","img":"https://fd8-photos.leclercdrive.fr/image.ashx?id=2724835&use=l&cat=p&typeid=i","cat":284447},{"id":25669,"n":"Pâtes de fruits rouges NRT   De Provence - 180g","p":3.55,"u":"19,72 €/KG","img":"https://fd8-photos.leclercdrive.fr/image.ashx?id=2771049&use=l&cat=p&typeid=i","cat":284499},{"id":25670,"n":"Pâtes de fruits jaunes NRT De Provence - 180g","p":3.55,"u":"19,72 €/KG","img":"https://fd8-photos.leclercdrive.fr/image.ashx?id=2771052&use=l&cat=p&typeid=i","cat":284499},{"id":25685,"n":"Bouillon Cube Maggi Boeuf - 180g","p":1.61,"u":"8,94 €/KG","img":"https://fd8-photos.leclercdrive.fr/image.ashx?id=2882896&use=l&cat=p&typeid=i","cat":288379},{"id":25686,"n":"Bouillon Cube Maggi Volaille - 180g","p":1.53,"u":"8,50 €/KG","img":"https://fd8-photos.leclercdrive.fr/image.ashx?id=2737003&use=l&cat=p&typeid=i","cat":288379},{"id":25689,"n":"AOC Coteaux Varois rosé Terres de Saint-Louis - 75cl","p":5.03,"u":"6,71 €/L","img":"https://fd8-photos.leclercdrive.fr/image.ashx?id=2105905&use=l&cat=p&typeid=i","cat":289558},{"id":25703,"n":"Rousquilles fondantes NRT 200g","p":2.15,"u":"10,75 €/KG","img":"https://fd8-photos.leclercdrive.fr/image.ashx?id=2663812&use=l&cat=p&typeid=i","cat":284487},{"id":25709,"n":"Madeleines Ker Cadélac Extra moelleuses chocolat 600g","p":2.7,"u":"4,50 €/KG","img":"https://fd8-photos.leclercdrive.fr/image.ashx?id=2959934&use=l&cat=p&typeid=i","cat":284492},{"id":25729,"n":"Vinaigrette balsamique Puget Tomate séchée - 33cl","p":2.65,"u":"8,03 €/L","img":"https://fd8-photos.leclercdrive.fr/image.ashx?id=2912143&use=l&cat=p&typeid=i","cat":284456},{"id":25738,"n":"Blanc de poulet Fleury Michon -25% de sel x4 - 160g","p":1.95,"u":"12,19 €/KG","img":"https://fd8-photos.leclercdrive.fr/image.ashx?id=2885974&use=l&cat=p&typeid=i","cat":316010},{"id":25739,"n":"Bûche de chèvre Les Croisés Fondante 22%mg - 180g","p":1.84,"u":"10,22 €/KG","img":"https://fd8-photos.leclercdrive.fr/image.ashx?id=2894725&use=l&cat=p&typeid=i","cat":314031},{"id":25741,"n":"Grana Padano AOP Les Croisés - 200g","p":3.35,"u":"16,75 €/KG","img":"https://fd8-photos.leclercdrive.fr/image.ashx?id=2954088&use=l&cat=p&typeid=i","cat":314034},{"id":25742,"n":"Macédoine Menu Fraîcheur  Légumes - 300g","p":1.59,"u":"5,30 €/KG","img":"https://fd8-photos.leclercdrive.fr/image.ashx?id=2901446&use=l&cat=p&typeid=i","cat":333657},{"id":25743,"n":"Mascarpone Les Croisés - 500g","p":3.08,"u":"6,16 €/KG","img":"https://fd8-photos.leclercdrive.fr/image.ashx?id=2123626&use=l&cat=p&typeid=i","cat":314026},{"id":25744,"n":"Nems au Poulet Tables du Monde  x4  - 280g","p":1.79,"u":"6,39 €/KG","img":"https://fd8-photos.leclercdrive.fr/image.ashx?id=2953338&use=l&cat=p&typeid=i","cat":333673},{"id":25746,"n":"Saucisse de volaille Tradilège  x10 350g","p":1.46,"u":"4,17 €/KG","img":"https://fd8-photos.leclercdrive.fr/image.ashx?id=2625110&use=l&cat=p&typeid=i","cat":316012},{"id":25748,"n":"Hachés au colin d'Alaska Pêche Océan - 200g","p":2.24,"u":"11,20 €/KG","img":"https://fd8-photos.leclercdrive.fr/image.ashx?id=2953623&use=l&cat=p&typeid=i","cat":284344},{"id":25749,"n":"Hachés au saumon Pêche Océan à la ciboulette - 200g","p":2.25,"u":"11,25 €/KG","img":"https://fd8-photos.leclercdrive.fr/image.ashx?id=2953632&use=l&cat=p&typeid=i","cat":284344},{"id":25751,"n":"Barres céréales moelleux Grany Fruits des bois - 192g","p":2.11,"u":"10,99 €/KG","img":"https://fd8-photos.leclercdrive.fr/image.ashx?id=2963916&use=l&cat=p&typeid=i","cat":285869},{"id":25753,"n":"Génoises fourrées Eco+ Framboise - 300g","p":1.9,"u":"6,33 €/KG","img":"https://fd8-photos.leclercdrive.fr/image.ashx?id=2808197&use=l&cat=p&typeid=i","cat":284489},{"id":25759,"n":"Barquettes chats Gourmet Gold Double délice luxe mix - 12x85g","p":5.95,"u":"5,83 €/KG","img":"https://fd8-photos.leclercdrive.fr/image.ashx?id=2857096&use=l&cat=p&typeid=i","cat":285286},{"id":25762,"n":"Bâtonnets Dentastix Pedigree Grand chien x28 - 1080g","p":9.09,"u":"8,42 €/KG","img":"https://fd8-photos.leclercdrive.fr/image.ashx?id=2924776&use=l&cat=p&typeid=i","cat":294527},{"id":25764,"n":"Olives noires Tramier Dénoyautées - 150g","p":1.81,"u":"12,07 €/KG","img":"https://fd8-photos.leclercdrive.fr/image.ashx?id=2840814&use=l&cat=p&typeid=i","cat":284458},{"id":25765,"n":"Céréales Nestlé Mix Chocapic, Lion, Nesquik x6","p":2.55,"u":"13,42 €/KG","img":"https://fd8-photos.leclercdrive.fr/image.ashx?id=2981364&use=l&cat=p&typeid=i","cat":309513},{"id":25790,"n":"Sucre pure canne Bio Village En morceaux bio - 500g","p":2.09,"u":"4,18 €/KG","img":"https://fd8-photos.leclercdrive.fr/image.ashx?id=3010440&use=l&cat=p&typeid=i","cat":284502},{"id":25793,"n":"AOP Côtes du Rhône rouge Cellier des Dauphins - BIB 3L","p":12.2,"u":"4,07 €/L","img":"https://fd8-photos.leclercdrive.fr/image.ashx?id=2830006&use=l&cat=p&typeid=i","cat":289560},{"id":25805,"n":"Légumes pour pot au feu Panier du Primeur - 1kg","p":2.49,"u":"2,49 €/KG","img":"https://fd8-photos.leclercdrive.fr/image.ashx?id=2958717&use=l&cat=p&typeid=i","cat":284352},{"id":25808,"n":"Protection incontinence Chorys Homme - Important - x20","p":5.38,"u":"0,27 €/P","img":"https://fd8-photos.leclercdrive.fr/image.ashx?id=2672933&use=l&cat=p&typeid=i","cat":291514},{"id":25811,"n":"Salade Coleslaw Menu Fraîcheur  500g","p":1.83,"u":"3,66 €/KG","img":"https://fd8-photos.leclercdrive.fr/image.ashx?id=2645930&use=l&cat=p&typeid=i","cat":333657},{"id":25812,"n":"Coquillettes Coté Table Jambon fromage - 280g","p":1.89,"u":"6,75 €/KG","img":"https://fd8-photos.leclercdrive.fr/image.ashx?id=3003086&use=l&cat=p&typeid=i","cat":284953},{"id":25817,"n":"Emincés de saumon fumé ASC Ronde des mers - 100g","p":4.49,"u":"44,90 €/KG","img":"https://fd8-photos.leclercdrive.fr/image.ashx?id=2953620&use=l&cat=p&typeid=i","cat":285188},{"id":25818,"n":"Émincés de saumon fumé ASC Ronde de mers - 100g","p":4.49,"u":"44,90 €/KG","img":"https://fd8-photos.leclercdrive.fr/image.ashx?id=2953617&use=l&cat=p&typeid=i","cat":285188},{"id":25820,"n":"Flammekueche Coté Table 350g","p":1.88,"u":"5,37 €/KG","img":"https://fd8-photos.leclercdrive.fr/image.ashx?id=2064819&use=l&cat=p&typeid=i","cat":333680},{"id":25825,"n":"Fromage de brebis Les Croisés 210g","p":2.86,"u":"13,62 €/KG","img":"https://fd8-photos.leclercdrive.fr/image.ashx?id=2900112&use=l&cat=p&typeid=i","cat":329184},{"id":25835,"n":"Soufflés Menguy's Cacahuète - 250g","p":1.21,"u":"4,84 €/KG","img":"https://fd8-photos.leclercdrive.fr/image.ashx?id=2845374&use=l&cat=p&typeid=i","cat":284449},{"id":25836,"n":"Choucroute garnie  William Saurin - 800g","p":3.85,"u":"4,81 €/KG","img":"https://fd8-photos.leclercdrive.fr/image.ashx?id=2890058&use=l&cat=p&typeid=i","cat":284441},{"id":25839,"n":"Couscous parfumé Tipiak Prêt en 5 min  - 500g","p":2.25,"u":"4,50 €/KG","img":"https://fd8-photos.leclercdrive.fr/image.ashx?id=2946937&use=l&cat=p&typeid=i","cat":284429},{"id":25841,"n":"Couscous Tipiak  Prêt en 1 min 30 s - 500g","p":1.45,"u":"2,90 €/KG","img":"https://fd8-photos.leclercdrive.fr/image.ashx?id=2640431&use=l&cat=p&typeid=i","cat":284429},{"id":25848,"n":"Lait de coco Suzi Wan 500ml","p":2.89,"u":"5,78 €/L","img":"https://fd8-photos.leclercdrive.fr/image.ashx?id=2892934&use=l&cat=p&typeid=i","cat":288992},{"id":25854,"n":"Mignonnettes Côte d'Or Chocolat noir /orange - 24x10g","p":5.63,"u":"23,46 €/KG","img":"https://fd8-photos.leclercdrive.fr/image.ashx?id=3009152&use=l&cat=p&typeid=i","cat":284499},{"id":25856,"n":"Olives vertes La Ciota Farcies anchois - 120g","p":1.3,"u":"10,83 €/KG","img":"https://fd8-photos.leclercdrive.fr/image.ashx?id=2296575&use=l&cat=p&typeid=i","cat":284458},{"id":25865,"n":"Préparation taboulé Tipiak Menthe citron olive - 350g","p":1.38,"u":"3,94 €/KG","img":"https://fd8-photos.leclercdrive.fr/image.ashx?id=2973862&use=l&cat=p&typeid=i","cat":284429},{"id":25868,"n":"Flocons d'avoine Quaker Oats Classic - 800g","p":2.35,"u":"2,94 €/KG","img":"https://fd8-photos.leclercdrive.fr/image.ashx?id=2344498&use=l&cat=p&typeid=i","cat":309512},{"id":25879,"n":"Bâtonnets Dentastix Pedigree Petit chien x28 - 440g","p":5.99,"u":"13,61 €/KG","img":"https://fd8-photos.leclercdrive.fr/image.ashx?id=2877106&use=l&cat=p&typeid=i","cat":294527},{"id":25884,"n":"Carrés chocolat Côte d'Or Chocolat lait Noisettes -10x20g","p":4.81,"u":"24,05 €/KG","img":"https://fd8-photos.leclercdrive.fr/image.ashx?id=2826651&use=l&cat=p&typeid=i","cat":284497},{"id":25886,"n":"Carrés chocolat Côte d'Or Chocolat noir Noisettes -10x20g","p":5.12,"u":"25,60 €/KG","img":"https://fd8-photos.leclercdrive.fr/image.ashx?id=2826654&use=l&cat=p&typeid=i","cat":284956},{"id":25889,"n":"Mignonnettes Côte d'Or Chocolat au lait - 24x10g","p":5.71,"u":"23,79 €/KG","img":"https://fd8-photos.leclercdrive.fr/image.ashx?id=3002210&use=l&cat=p&typeid=i","cat":284499},{"id":25898,"n":"Chocolat Nougatti Côte d'Or Nougat/chocolat au lait -270g","p":4.55,"u":"16,85 €/KG","img":"https://fd8-photos.leclercdrive.fr/image.ashx?id=2612388&use=l&cat=p&typeid=i","cat":284498},{"id":25914,"n":"Tablette chocolat Côte d'Or Chocolat noir praliné - 200g","p":3.89,"u":"19,45 €/KG","img":"https://fd8-photos.leclercdrive.fr/image.ashx?id=2941943&use=l&cat=p&typeid=i","cat":284956},{"id":26014,"n":"Colin d'Alaska Marie Petites St Jacques Hisseo 900g","p":6.15,"u":"6,83 €/KG","img":"https://fd8-photos.leclercdrive.fr/image.ashx?id=2996758&use=l&cat=p&typeid=i","cat":319786},{"id":26027,"n":"Gel douche Eco  Senteur vanille - 500ml","p":0.65,"u":"1,30 €/L","img":"https://fd8-photos.leclercdrive.fr/image.ashx?id=2079795&use=l&cat=p&typeid=i","cat":284594},{"id":26035,"n":"Bain de bouche Dentamyl Fraîcheur menthe - 500ml","p":1.89,"u":"3,78 €/L","img":"https://fd8-photos.leclercdrive.fr/image.ashx?id=2526604&use=l&cat=p&typeid=i","cat":284613},{"id":26038,"n":"Recharge savon mains Manava Crème Lait et miel - 250ml","p":0.57,"u":"2,28 €/L","img":"https://fd8-photos.leclercdrive.fr/image.ashx?id=2935489&use=l&cat=p&typeid=i","cat":284597},{"id":26040,"n":"Recharge savon mains Manava Gel spécial cuisine - 250ml","p":0.66,"u":"2,64 €/L","img":"https://fd8-photos.leclercdrive.fr/image.ashx?id=2935492&use=l&cat=p&typeid=i","cat":284597},{"id":26042,"n":"Dentifrice Sanogyl Soin global + blancheur 75ml","p":3.11,"u":"41,47 €/L","img":"https://fd8-photos.leclercdrive.fr/image.ashx?id=2792555&use=l&cat=p&typeid=i","cat":284612},{"id":26045,"n":"Activateur biologique Syphon Pour fosses septiques 26sachets","p":6.23,"img":"https://fd8-photos.leclercdrive.fr/image.ashx?id=2558805&use=l&cat=p&typeid=i","cat":284908},{"id":26065,"n":"Saucisson Petit Justin Bridou  Bâton de Berger Nature - 100g","p":2.59,"u":"25,90 €/KG","img":"https://fd8-photos.leclercdrive.fr/image.ashx?id=2851036&use=l&cat=p&typeid=i","cat":316006},{"id":26075,"n":"Liqueur Pisang Ambon 17%vol. - 70cl","p":11.01,"u":"15,73 €/L","img":"https://fd8-photos.leclercdrive.fr/image.ashx?id=2262647&use=l&cat=p&typeid=i","cat":286032},{"id":26085,"n":"Dessert végétal Sojasun Café - 4x100g","p":1.85,"u":"4,63 €/KG","img":"https://fd8-photos.leclercdrive.fr/image.ashx?id=2759993&use=l&cat=p&typeid=i","cat":316071},{"id":26087,"n":"Fromage blanc sous mousse  gervita nature - 8x100g","p":3.55,"u":"4,44 €/KG","img":"https://fd8-photos.leclercdrive.fr/image.ashx?id=2265768&use=l&cat=p&typeid=i","cat":284409},{"id":26090,"n":"Lait entier Bio Village Bio Bouteille UHT - 1L","p":1.49,"u":"1,49 €/L","img":"https://fd8-photos.leclercdrive.fr/image.ashx?id=2981930&use=l&cat=p&typeid=i","cat":285610},{"id":26111,"n":"5 baies grains Sainte Lucie 250g","p":11.01,"u":"44,04 €/KG","img":"https://fd8-photos.leclercdrive.fr/image.ashx?id=2379703&use=l&cat=p&typeid=i","cat":284457},{"id":26112,"n":"5 baies Sainte Lucie Moulin -  40g","p":3.6,"u":"90,00 €/KG","img":"https://fd8-photos.leclercdrive.fr/image.ashx?id=2774460&use=l&cat=p&typeid=i","cat":284457},{"id":26137,"n":"Piment d'Espelette AOP Sainte Lucie - 50g","p":9.83,"u":"196,60 €/KG","img":"https://fd8-photos.leclercdrive.fr/image.ashx?id=2974342&use=l&cat=p&typeid=i","cat":298297},{"id":26138,"n":"Persillade Sainte Lucie 30g","p":3.87,"u":"129,00 €/KG","img":"https://fd8-photos.leclercdrive.fr/image.ashx?id=2774430&use=l&cat=p&typeid=i","cat":298297},{"id":26140,"n":"Poivre noir Sainte Lucie Moulin - 50g","p":3.67,"u":"73,40 €/KG","img":"https://fd8-photos.leclercdrive.fr/image.ashx?id=2774463&use=l&cat=p&typeid=i","cat":284457},{"id":26183,"n":"Adoucissant Hyperdou Rêve de fraîcheur - 3x250ml","p":1.23,"u":"1,64 €/L","img":"https://fd8-photos.leclercdrive.fr/image.ashx?id=2643318&use=l&cat=p&typeid=i","cat":284650},{"id":26184,"n":"Adoucissant Hyperdou Senteur de provence - 3x250ml","p":1.2,"u":"1,60 €/L","img":"https://fd8-photos.leclercdrive.fr/image.ashx?id=2675685&use=l&cat=p&typeid=i","cat":284650},{"id":26185,"n":"Lingettes désinfectante Sanytol Multi-usage Eucalyptus - x72","p":1.6,"u":"0,03 €/P","img":"https://fd8-photos.leclercdrive.fr/image.ashx?id=2899353&use=l&cat=p&typeid=i","cat":325358},{"id":26193,"n":"Edulcorant Canderel sticks x120 - 120g","p":2.59,"u":"21,58 €/KG","img":"https://fd8-photos.leclercdrive.fr/image.ashx?id=2811011&use=l&cat=p&typeid=i","cat":324846},{"id":26223,"n":"Sauce Sacla'Italia Arrabbiata - 190g","p":2.36,"u":"12,42 €/KG","img":"https://fd8-photos.leclercdrive.fr/image.ashx?id=2971413&use=l&cat=p&typeid=i","cat":287599},{"id":26258,"n":"Madeleines coquilles P'tit déli Sachet 600g","p":2.39,"u":"3,98 €/KG","img":"https://fd8-photos.leclercdrive.fr/image.ashx?id=2540948&use=l&cat=p&typeid=i","cat":284492},{"id":26271,"n":"Rôti de porc Tradilège 6 tranches VPF 180g","p":2.38,"u":"13,22 €/KG","img":"https://fd8-photos.leclercdrive.fr/image.ashx?id=2675786&use=l&cat=p&typeid=i","cat":316009},{"id":26279,"n":"Mélange couscous royal Ducros Sachet malin - 20g","p":0.69,"u":"34,50 €/KG","img":"https://fd8-photos.leclercdrive.fr/image.ashx?id=2490491&use=l&cat=p&typeid=i","cat":298297},{"id":26286,"n":"Soupe instantanée Royco  Crème de Champignons - 4x200ml","p":1.34,"u":"22,33 €/KG","img":"https://fd8-photos.leclercdrive.fr/image.ashx?id=2650979&use=l&cat=p&typeid=i","cat":293527},{"id":26287,"n":"Sauce Sacla'Italia Caviar de tomate à l'ail - 190g","p":2.33,"u":"12,26 €/KG","img":"https://fd8-photos.leclercdrive.fr/image.ashx?id=2160225&use=l&cat=p&typeid=i","cat":287599},{"id":26303,"n":"Céréales Corn Flakes Eco+ sucrés - 750g","p":2.13,"u":"2,84 €/KG","img":"https://fd8-photos.leclercdrive.fr/image.ashx?id=2934643&use=l&cat=p&typeid=i","cat":309513},{"id":26307,"n":"Boisson énergisante Red Bull 473ml","p":2.15,"u":"4,55 €/L","img":"https://fd8-photos.leclercdrive.fr/image.ashx?id=3011986&use=l&cat=p&typeid=i","cat":284533},{"id":26308,"n":"Boisson énergisante Red Bull 355ml","p":1.62,"u":"4,56 €/L","img":"https://fd8-photos.leclercdrive.fr/image.ashx?id=3011980&use=l&cat=p&typeid=i","cat":284533},{"id":26309,"n":"Boîte chat Whiskas  Gelée mer & campagne - 8x400g","p":8.89,"u":"2,85 €/KG","img":"https://fd8-photos.leclercdrive.fr/image.ashx?id=2759628&use=l&cat=p&typeid=i","cat":285601},{"id":26310,"n":"Cornichons Kühne Aigre doux - 360g","p":1.59,"u":"4,42 €/KG","img":"https://fd8-photos.leclercdrive.fr/image.ashx?id=2550925&use=l&cat=p&typeid=i","cat":284458},{"id":26319,"n":"Noix de cajou Tokapi Sans sel ajouté - 125g","p":1.79,"u":"14,32 €/KG","img":"https://fd8-photos.leclercdrive.fr/image.ashx?id=2794000&use=l&cat=p&typeid=i","cat":284448},{"id":26320,"n":"Oignons frits snack Kühne Boîte -  100g","p":0.87,"u":"8,70 €/KG","img":"https://fd8-photos.leclercdrive.fr/image.ashx?id=2447079&use=l&cat=p&typeid=i","cat":298297},{"id":26323,"n":"Soda Jean's Cola Canette - 12x15cl","p":3.75,"u":"2,08 €/L","img":"https://fd8-photos.leclercdrive.fr/image.ashx?id=2637895&use=l&cat=p&typeid=i","cat":284530},{"id":26330,"n":"Amandes California Sainte Lucie Blanches effilées sachet 125g","p":3.58,"u":"28,64 €/KG","img":"https://fd8-photos.leclercdrive.fr/image.ashx?id=2776109&use=l&cat=p&typeid=i","cat":284504},{"id":26348,"n":"Piments de cayenne Sainte Lucie Moulu - 40g","p":2.47,"u":"61,75 €/KG","img":"https://fd8-photos.leclercdrive.fr/image.ashx?id=2774400&use=l&cat=p&typeid=i","cat":298297},{"id":26363,"n":"5 baies Sainte Lucie Flacon - 45g","p":3.4,"u":"75,56 €/KG","img":"https://fd8-photos.leclercdrive.fr/image.ashx?id=2974324&use=l&cat=p&typeid=i","cat":284457},{"id":26369,"n":"Demi feuilles de gélatine  Sainte Lucie","p":1.47,"img":"https://fd8-photos.leclercdrive.fr/image.ashx?id=2859024&use=l&cat=p&typeid=i","cat":284504},{"id":26386,"n":"Basilic feuilles Sainte Lucie Coupées - 15g","p":1.77,"u":"118,00 €/KG","img":"https://fd8-photos.leclercdrive.fr/image.ashx?id=2774376&use=l&cat=p&typeid=i","cat":298297},{"id":26389,"n":"Poivre blanc moulu Sainte Lucie Saveurs preservées flacon 45g","p":3.06,"u":"68,00 €/KG","img":"https://fd8-photos.leclercdrive.fr/image.ashx?id=2414121&use=l&cat=p&typeid=i","cat":284457},{"id":26390,"n":"Poivre noir grains Sainte Lucie Saveurs préservées flacon 50g","p":3.02,"u":"60,40 €/KG","img":"https://fd8-photos.leclercdrive.fr/image.ashx?id=2974327&use=l&cat=p&typeid=i","cat":284457},{"id":26391,"n":"Poivre noir moulu Sainte Lucie Saveurs préservées - 50g","p":2.49,"u":"49,80 €/KG","img":"https://fd8-photos.leclercdrive.fr/image.ashx?id=2974330&use=l&cat=p&typeid=i","cat":284457},{"id":26392,"n":"Poivre gris moulu Sainte Lucie Flacon 50g","p":2.44,"u":"48,80 €/KG","img":"https://fd8-photos.leclercdrive.fr/image.ashx?id=2176776&use=l&cat=p&typeid=i","cat":284457},{"id":26393,"n":"Poivre gris moulu Sainte Lucie 95g","p":4.3,"u":"45,26 €/KG","img":"https://fd8-photos.leclercdrive.fr/image.ashx?id=2774445&use=l&cat=p&typeid=i","cat":284457},{"id":26394,"n":"Poivre noir grains Sainte Lucie Etui - 100g","p":4.43,"u":"44,30 €/KG","img":"https://fd8-photos.leclercdrive.fr/image.ashx?id=2774442&use=l&cat=p&typeid=i","cat":284457},{"id":26408,"n":"Raisins blonds Sainte Lucie Sultanine - 125g","p":2.12,"u":"16,96 €/KG","img":"https://fd8-photos.leclercdrive.fr/image.ashx?id=2142638&use=l&cat=p&typeid=i","cat":284357},{"id":26443,"n":"Liqueur Litchi Yen Li 15%vol. - 70cl","p":7.23,"u":"10,33 €/L","img":"https://fd8-photos.leclercdrive.fr/image.ashx?id=1898904&use=l&cat=p&typeid=i","cat":286032},{"id":26464,"n":"Steak haché 5% MG Bio Village Bio 2x100g","p":4.59,"u":"22,95 €/KG","img":"https://fd8-photos.leclercdrive.fr/image.ashx?id=2951338&use=l&cat=p&typeid=i","cat":284332},{"id":26465,"n":"Steak haché 15% MG Bio Village Bio 2x100g","p":4.19,"u":"20,95 €/KG","img":"https://fd8-photos.leclercdrive.fr/image.ashx?id=2951341&use=l&cat=p&typeid=i","cat":284332},{"id":26484,"n":"Croquette chat stérilisé Ultima  Poulet - 3kg","p":12.35,"u":"4,12 €/KG","img":"https://fd8-photos.leclercdrive.fr/image.ashx?id=2918886&use=l&cat=p&typeid=i","cat":284680},{"id":26493,"n":"Pizza Merveillosa Turini Mozzarella - 335g","p":2.15,"u":"6,42 €/KG","img":"https://fd8-photos.leclercdrive.fr/image.ashx?id=2816573&use=l&cat=p&typeid=i","cat":284256},{"id":26494,"n":"Pizza Merveillosa Turini Thon - 355g","p":2.26,"u":"6,37 €/KG","img":"https://fd8-photos.leclercdrive.fr/image.ashx?id=2815238&use=l&cat=p&typeid=i","cat":284256},{"id":26512,"n":"Fromage blanc Délisse Fraise 5.5%MG - 500g","p":2.55,"u":"5,10 €/KG","img":"https://fd8-photos.leclercdrive.fr/image.ashx?id=3009514&use=l&cat=p&typeid=i","cat":284409},{"id":26513,"n":"Poulet entier Maître Coq Graine de Lin - 1,4kg","p":9.2,"u":"6,57 €/KG","img":"https://fd8-photos.leclercdrive.fr/image.ashx?id=2881338&use=l&cat=p&typeid=i","cat":284336},{"id":26565,"n":"Lait Croissance Bio Village bio 10 à 36 mois - 6x1L","p":9.99,"u":"1,67 €/L","img":"https://fd8-photos.leclercdrive.fr/image.ashx?id=2802032&use=l&cat=p&typeid=i","cat":284728},{"id":26569,"n":"Filet de poulet blanc Le Gaulois 720g","p":9.99,"u":"13,88 €/KG","img":"https://fd8-photos.leclercdrive.fr/image.ashx?id=3003212&use=l&cat=p&typeid=i","cat":284336},{"id":26570,"n":"Filet de poulet jaune Le Gaulois 720g","p":9.99,"u":"13,88 €/KG","img":"https://fd8-photos.leclercdrive.fr/image.ashx?id=3003209&use=l&cat=p&typeid=i","cat":284336},{"id":26586,"n":"Fromage blanc Déli'light Vanille 0%MG - 8x100g","p":2.66,"u":"3,33 €/KG","img":"https://fd8-photos.leclercdrive.fr/image.ashx?id=2043352&use=l&cat=p&typeid=i","cat":315000},{"id":26646,"n":"AOP Champagne Brut Nicolas Feuillatte Grande Réserve 75cl","p":22.35,"u":"29,80 €/L","img":"https://fd8-photos.leclercdrive.fr/image.ashx?id=2733184&use=l&cat=p&typeid=i","cat":284542},{"id":26647,"n":"Chair à saucisses porc Férial 400g","p":3.8,"u":"9,50 €/KG","img":"https://fd8-photos.leclercdrive.fr/image.ashx?id=2953308&use=l&cat=p&typeid=i","cat":284332},{"id":26648,"n":"Couscous Grain Moyen Regia - 500G","p":1.03,"u":"2,06 €/KG","img":"https://fd8-photos.leclercdrive.fr/image.ashx?id=2870206&use=l&cat=p&typeid=i","cat":284429},{"id":26649,"n":"Cacahuètes Benenuts-Twinuts Nature Sel - 150g","p":1.05,"u":"7,00 €/KG","img":"https://fd8-photos.leclercdrive.fr/image.ashx?id=2967735&use=l&cat=p&typeid=i","cat":284448},{"id":26651,"n":"Farine de blé Coeur de Blé 1kg","p":1.14,"u":"1,14 €/KG","img":"https://fd8-photos.leclercdrive.fr/image.ashx?id=2642639&use=l&cat=p&typeid=i","cat":284503},{"id":26652,"n":"Farine blé fluide Coeur de blé 1kg","p":1.08,"u":"1,08 €/KG","img":"https://fd8-photos.leclercdrive.fr/image.ashx?id=2335754&use=l&cat=p&typeid=i","cat":284503},{"id":26659,"n":"Fonds d'artichauts Notre Jardin 210g","p":2.75,"u":"13,10 €/KG","img":"https://fd8-photos.leclercdrive.fr/image.ashx?id=2607921&use=l&cat=p&typeid=i","cat":312611},{"id":26663,"n":"Farine de sarrasin Treblec 1kg","p":2.99,"u":"2,99 €/KG","img":"https://fd8-photos.leclercdrive.fr/image.ashx?id=2734843&use=l&cat=p&typeid=i","cat":284503},{"id":26708,"n":"Cacahuètes Benenuts-Twinuts Bacon Grillé - 150g","p":1.05,"u":"7,00 €/KG","img":"https://fd8-photos.leclercdrive.fr/image.ashx?id=2967738&use=l&cat=p&typeid=i","cat":284448},{"id":26713,"n":"Brownie Brossard Chocolat pépites 285g","p":2.69,"u":"9,44 €/KG","img":"https://fd8-photos.leclercdrive.fr/image.ashx?id=2977492&use=l&cat=p&typeid=i","cat":294776},{"id":26722,"n":"Ratatouille Cuisinée Cassegrain à la Provençale 660g","p":3.75,"u":"5,68 €/KG","img":"https://fd8-photos.leclercdrive.fr/image.ashx?id=2902660&use=l&cat=p&typeid=i","cat":312612},{"id":26725,"n":"Infusion camomille Tiséa 25 sachets - 37,5g","p":0.92,"u":"0,25 €/KG","img":"https://fd8-photos.leclercdrive.fr/image.ashx?id=2441288&use=l&cat=p&typeid=i","cat":293234},{"id":26733,"n":"Dessert végétal au soja Sojasun Nature - 12x100g","p":3.64,"u":"3,03 €/KG","img":"https://fd8-photos.leclercdrive.fr/image.ashx?id=2355665&use=l&cat=p&typeid=i","cat":316071},{"id":26765,"n":"Mayonnaise Rustica A la moutarde de Dijon - 470g","p":1.6,"u":"3,40 €/KG","img":"https://fd8-photos.leclercdrive.fr/image.ashx?id=2954361&use=l&cat=p&typeid=i","cat":298295},{"id":26797,"n":"Compote Douceur du Verger Coupelle pomme fraise - 4x100g","p":1.15,"u":"2,88 €/KG","img":"https://fd8-photos.leclercdrive.fr/image.ashx?id=2663503&use=l&cat=p&typeid=i","cat":284508},{"id":26808,"n":"Thon blanc entier Connétable Naturel Label Rouge - 120g","p":2.43,"u":"20,25 €/KG","img":"https://fd8-photos.leclercdrive.fr/image.ashx?id=2901935&use=l&cat=p&typeid=i","cat":303867},{"id":26818,"n":"Boisson base vin rosée Very Pamp Pamplemousse - 75cl","p":2.39,"u":"3,19 €/L","img":"https://fd8-photos.leclercdrive.fr/image.ashx?id=2446629&use=l&cat=p&typeid=i","cat":304569},{"id":26819,"n":"Boisson aromatisée Vin rosé Pamplemousse 7.5%,vol BIB 3L","p":9.85,"u":"3,28 €/L","img":"https://fd8-photos.leclercdrive.fr/image.ashx?id=2470024&use=l&cat=p&typeid=i","cat":304569},{"id":26820,"n":"IGP Pays d'Oc rouge Roche Mazet Merlot - BIB 3L","p":12.29,"u":"4,10 €/L","img":"https://fd8-photos.leclercdrive.fr/image.ashx?id=2597387&use=l&cat=p&typeid=i","cat":289560},{"id":26823,"n":"Beurre Montfleuri Demi-sel - 60%MG - 250g","p":1.99,"u":"7,96 €/KG","img":"https://fd8-photos.leclercdrive.fr/image.ashx?id=2985279&use=l&cat=p&typeid=i","cat":284379},{"id":26877,"n":"Crackers Mini pizza Tokapi 85g","p":0.69,"u":"8,12 €/KG","img":"https://fd8-photos.leclercdrive.fr/image.ashx?id=2351232&use=l&cat=p&typeid=i","cat":297000},{"id":26926,"n":"Couches bébé Mots d'Enfants -T3 Ultra confort - 4/9kg - x162","p":19.7,"u":"0,12 €/P","img":"https://fd8-photos.leclercdrive.fr/image.ashx?id=2573987&use=l&cat=p&typeid=i","cat":284737},{"id":26945,"n":"Bâtonnets Trium Noix de coco x4 - 292g","p":2.69,"u":"9,21 €/KG","img":"https://fd8-photos.leclercdrive.fr/image.ashx?id=2767501&use=l&cat=p&typeid=i","cat":284265},{"id":26978,"n":"Chewing-gum menthol Airwaves Eucalyptus s/sucre 5x10","p":2.35,"img":"https://fd8-photos.leclercdrive.fr/image.ashx?id=2355902&use=l&cat=p&typeid=i","cat":304251},{"id":26979,"n":"Chewing-gum Airwaves Cool cassis s/sucre 5x10","p":2.29,"img":"https://fd8-photos.leclercdrive.fr/image.ashx?id=2355905&use=l&cat=p&typeid=i","cat":304251},{"id":26980,"n":"Chewing-gum Airwaves Black menthol sans sucre 5x10","p":2.45,"img":"https://fd8-photos.leclercdrive.fr/image.ashx?id=2355908&use=l&cat=p&typeid=i","cat":304251},{"id":26988,"n":"Courgette Eco+ 1kg","p":2.49,"u":"2,49 €/KG","img":"https://fd8-photos.leclercdrive.fr/image.ashx?id=2625692&use=l&cat=p&typeid=i","cat":284352},{"id":26998,"n":"Sachet repas chats Gourmet Les filettines en sauce -12x85g","p":5.79,"u":"5,68 €/KG","img":"https://fd8-photos.leclercdrive.fr/image.ashx?id=2902277&use=l&cat=p&typeid=i","cat":285286},{"id":27069,"n":"Sorbet Oasis Multifruits x10 - 400g","p":2.95,"u":"7,38 €/KG","img":"https://fd8-photos.leclercdrive.fr/image.ashx?id=2831924&use=l&cat=p&typeid=i","cat":285250},{"id":27070,"n":"Bâtonnets Oasis Tropical x10 - 400g","p":2.48,"u":"6,20 €/KG","img":"https://fd8-photos.leclercdrive.fr/image.ashx?id=2877829&use=l&cat=p&typeid=i","cat":285250},{"id":27071,"n":"Sorbet Oasis Pêche Pomme Framboise x10 - 400g","p":2.69,"u":"6,73 €/KG","img":"https://fd8-photos.leclercdrive.fr/image.ashx?id=2732470&use=l&cat=p&typeid=i","cat":284265},{"id":27086,"n":"Crème légère fluide UHT Bio Bio Village 15%mg - 3x20cl","p":3.65,"u":"6,08 €/L","img":"https://fd8-photos.leclercdrive.fr/image.ashx?id=2694434&use=l&cat=p&typeid=i","cat":284381},{"id":27087,"n":"Crème entière fluide UHT Bio Bio Village 30% MG - 3x20cl","p":3.96,"u":"6,60 €/L","img":"https://fd8-photos.leclercdrive.fr/image.ashx?id=2496899&use=l&cat=p&typeid=i","cat":284381},{"id":27088,"n":"Glace à l'eau Stick Smicy 5 parfums x20 - 845g","p":2.74,"u":"3,24 €/KG","img":"https://fd8-photos.leclercdrive.fr/image.ashx?id=2073057&use=l&cat=p&typeid=i","cat":285250},{"id":27091,"n":"Mayonnaise Rustica A la moutarde de Dijon - 235g","p":1.14,"u":"4,85 €/KG","img":"https://fd8-photos.leclercdrive.fr/image.ashx?id=2954358&use=l&cat=p&typeid=i","cat":298295},{"id":27093,"n":"Compote Douceur du Verger Coupelle pomme abricot - 4x100g","p":1.19,"u":"2,98 €/KG","img":"https://fd8-photos.leclercdrive.fr/image.ashx?id=2663500&use=l&cat=p&typeid=i","cat":284508},{"id":27096,"n":"Mayonnaise allégée Rustica 450g","p":1.14,"u":"2,53 €/KG","img":"https://fd8-photos.leclercdrive.fr/image.ashx?id=1026709&use=l&cat=p&typeid=i","cat":298295},{"id":27098,"n":"Café moulu Plantation Brésil - 250g","p":3.71,"u":"14,84 €/KG","img":"https://fd8-photos.leclercdrive.fr/image.ashx?id=2607512&use=l&cat=p&typeid=i","cat":284750},{"id":27106,"n":"Couches bébé Mots d'Enfants Mini - T2 : 3/6kg - x35 changes","p":5.18,"u":"0,15 €/P","img":"https://fd8-photos.leclercdrive.fr/image.ashx?id=2904568&use=l&cat=p&typeid=i","cat":284737},{"id":27108,"n":"Steak haché 5%mg Férial façon bouchère - 250g","p":4.14,"u":"16,56 €/KG","img":"https://fd8-photos.leclercdrive.fr/image.ashx?id=2903989&use=l&cat=p&typeid=i","cat":284332},{"id":27109,"n":"Steak haché 15mg Férial Façon bouchère - 250g","p":3.99,"u":"15,96 €/KG","img":"https://fd8-photos.leclercdrive.fr/image.ashx?id=2903992&use=l&cat=p&typeid=i","cat":284332},{"id":27123,"n":"Petit sucre Beghin Say Morceaux boite - 1kg","p":2.95,"u":"2,95 €/KG","img":"https://fd8-photos.leclercdrive.fr/image.ashx?id=2855100&use=l&cat=p&typeid=i","cat":284502},{"id":27149,"n":"Bonbons Croibleu Sève de pin - 250g","p":1.63,"u":"6,52 €/KG","img":"https://fd8-photos.leclercdrive.fr/image.ashx?id=1640045&use=l&cat=p&typeid=i","cat":304252},{"id":27158,"n":"Mini Barre Chocolat Lait KitKat x21 barres - 350g","p":6.31,"u":"18,03 €/KG","img":"https://fd8-photos.leclercdrive.fr/image.ashx?id=2762611&use=l&cat=p&typeid=i","cat":284498},{"id":27174,"n":"Bière blonde Tripel Karmeliet 8,4% - 75cl","p":4.65,"u":"6,20 €/L","img":"https://fd8-photos.leclercdrive.fr/image.ashx?id=2861180&use=l&cat=p&typeid=i","cat":334872},{"id":27178,"n":"Friandises Fun Tastix Fido Jambon fromage - 150g","p":1.48,"u":"9,87 €/KG","img":"https://fd8-photos.leclercdrive.fr/image.ashx?id=2681212&use=l&cat=p&typeid=i","cat":294527},{"id":27214,"n":"Bière blonde Triple Karmeliet 33cl","p":2.69,"u":"8,15 €/L","img":"https://fd8-photos.leclercdrive.fr/image.ashx?id=1875926&use=l&cat=p&typeid=i","cat":334872},{"id":27228,"n":"Couches bébé Mots d'Enfants Ecologique - T3 : 4/9kg - x36","p":8.99,"u":"0,25 €/P","img":"https://fd8-photos.leclercdrive.fr/image.ashx?id=2904559&use=l&cat=p&typeid=i","cat":284737},{"id":27229,"n":"Couches bébé Mots d'Enfants Ecologique - T4 : 7/18kg - x32","p":8.99,"u":"0,28 €/P","img":"https://fd8-photos.leclercdrive.fr/image.ashx?id=2904562&use=l&cat=p&typeid=i","cat":284737},{"id":27271,"n":"Patate douce  1p","p":0.99,"img":"https://fd8-photos.leclercdrive.fr/image.ashx?id=1632569&use=l&cat=p&typeid=i","cat":284352},{"id":27274,"n":"Botte de thym  1 p","p":1.2,"img":"https://fd8-photos.leclercdrive.fr/image.ashx?id=612610&use=l&cat=p&typeid=i","cat":293607},{"id":27275,"n":"Botte de laurier 1p","p":1.2,"img":"https://fd8-photos.leclercdrive.fr/image.ashx?id=612611&use=l&cat=p&typeid=i","cat":293607},{"id":27323,"n":"Haricot vert 500g","p":3.29,"u":"6,58 €/KG","img":"https://fd8-photos.leclercdrive.fr/image.ashx?id=1634297&use=l&cat=p&typeid=i","cat":284352},{"id":27366,"n":"Viande haché 5% MG Bio Village Bio 350g","p":7.9,"u":"22,57 €/KG","img":"https://fd8-photos.leclercdrive.fr/image.ashx?id=2942256&use=l&cat=p&typeid=i","cat":284332},{"id":27367,"n":"Vin d'Union Européenne blanc François D'Aubigné - 75 cl","p":1.49,"u":"1,99 €/L","img":"https://fd8-photos.leclercdrive.fr/image.ashx?id=2721565&use=l&cat=p&typeid=i","cat":289557},{"id":27372,"n":"Adoucissant Hyperdou Douceur pêche - 3x250ml","p":1.24,"u":"1,65 €/L","img":"https://fd8-photos.leclercdrive.fr/image.ashx?id=2657208&use=l&cat=p&typeid=i","cat":284650},{"id":27377,"n":"Cordons bleus Isla Délice Halal - x4 400g","p":3.65,"u":"9,13 €/KG","img":"https://fd8-photos.leclercdrive.fr/image.ashx?id=2249689&use=l&cat=p&typeid=i","cat":319780},{"id":27379,"n":"Steak haché Isla Délice 80% pur boeuf Halal - 800g","p":10.75,"u":"13,44 €/KG","img":"https://fd8-photos.leclercdrive.fr/image.ashx?id=1583297&use=l&cat=p&typeid=i","cat":319778},{"id":27381,"n":"Boulettes de boeuf Isla Délice Halal - x27 - 810g","p":10.5,"u":"12,96 €/KG","img":"https://fd8-photos.leclercdrive.fr/image.ashx?id=1925102&use=l&cat=p&typeid=i","cat":319779},{"id":27382,"n":"Nuggets Isla Délice Halal - 400g","p":3.35,"u":"8,38 €/KG","img":"https://fd8-photos.leclercdrive.fr/image.ashx?id=2256104&use=l&cat=p&typeid=i","cat":319780},{"id":27398,"n":"Saucisse Isla Délice Halal - Goût volaille - 500g","p":2.45,"u":"4,90 €/KG","img":"https://fd8-photos.leclercdrive.fr/image.ashx?id=1989117&use=l&cat=p&typeid=i","cat":316013},{"id":27399,"n":"Blanc de poulet Fleury Michon Halal x4 -160g","p":2.95,"u":"18,44 €/KG","img":"https://fd8-photos.leclercdrive.fr/image.ashx?id=2886711&use=l&cat=p&typeid=i","cat":316013},{"id":27403,"n":"Saucisses Déliss' Isla Délice Halal - Dinde x10 - 350g","p":2.35,"u":"6,71 €/KG","img":"https://fd8-photos.leclercdrive.fr/image.ashx?id=2406124&use=l&cat=p&typeid=i","cat":316013},{"id":27434,"n":"Coupelles Pêches DDV Sirop léger - 4x70 g","p":2.49,"u":"8,89 €/KG","img":"https://fd8-photos.leclercdrive.fr/image.ashx?id=2100784&use=l&cat=p&typeid=i","cat":284507},{"id":27454,"n":"Maïs Notre Jardin Croquant - 3x140g","p":1.83,"u":"4,36 €/KG","img":"https://fd8-photos.leclercdrive.fr/image.ashx?id=2988051&use=l&cat=p&typeid=i","cat":312611},{"id":27523,"n":"Colin d'Alaska Pêche Océan À la parisienne - MSC - 400g","p":2.79,"u":"6,98 €/KG","img":"https://fd8-photos.leclercdrive.fr/image.ashx?id=2930120&use=l&cat=p&typeid=i","cat":319786},{"id":27524,"n":"Colin d'Alaska Côté Table A la provençale - MSC - 400g","p":2.79,"u":"6,98 €/KG","img":"https://fd8-photos.leclercdrive.fr/image.ashx?id=2930123&use=l&cat=p&typeid=i","cat":319786},{"id":27531,"n":"Assortiment exotique Tables du Monde 470g","p":4.79,"u":"10,19 €/KG","img":"https://fd8-photos.leclercdrive.fr/image.ashx?id=1735978&use=l&cat=p&typeid=i","cat":333673},{"id":27564,"n":"Blé précuit Comptoir du Grain Sachet cuisson - x4 - 500g","p":1.7,"u":"3,40 €/KG","img":"https://fd8-photos.leclercdrive.fr/image.ashx?id=3012836&use=l&cat=p&typeid=i","cat":284429},{"id":27567,"n":"Ruban adhésif double face Siléa Largeur 50mm x 25 mètres","p":6.5,"img":"https://fd8-photos.leclercdrive.fr/image.ashx?id=2162351&use=l&cat=p&typeid=i","cat":300576},{"id":27576,"n":"Barres céréales Special K Kellogg's Fruits rouges 6x21,5g","p":2.03,"u":"15,74 €/KG","img":"https://fd8-photos.leclercdrive.fr/image.ashx?id=3003176&use=l&cat=p&typeid=i","cat":285869},{"id":27709,"n":"Dentifrice Dentamyl Soin complet sensitive 75ml","p":0.92,"u":"12,27 €/L","img":"https://fd8-photos.leclercdrive.fr/image.ashx?id=2489119&use=l&cat=p&typeid=i","cat":284612},{"id":27721,"n":"Emmental Les Croisés En tranches - 200g","p":1.94,"u":"9,70 €/KG","img":"https://fd8-photos.leclercdrive.fr/image.ashx?id=2436317&use=l&cat=p&typeid=i","cat":314028},{"id":27798,"n":"Bière ambrée corse Pietra 6° - 75cl","p":3.95,"u":"5,27 €/L","img":"https://fd8-photos.leclercdrive.fr/image.ashx?id=2992921&use=l&cat=p&typeid=i","cat":334872},{"id":27834,"n":"Pizza Crousti-moelleuse Marie 4 fromages - 510g","p":3.55,"u":"6,96 €/KG","img":"https://fd8-photos.leclercdrive.fr/image.ashx?id=2996749&use=l&cat=p&typeid=i","cat":284256},{"id":27836,"n":"Pizza Crousti-moelleuse Marie Poulet kebab - 530g","p":3.55,"u":"6,70 €/KG","img":"https://fd8-photos.leclercdrive.fr/image.ashx?id=2996752&use=l&cat=p&typeid=i","cat":284256},{"id":27925,"n":"AOP Réserve du Président rosé Sciaccrellu - 75cl","p":4.9,"u":"6,53 €/L","img":"https://fd8-photos.leclercdrive.fr/image.ashx?id=2093463&use=l&cat=p&typeid=i","cat":289558},{"id":27961,"n":"Poulet basquaise Marie Riz à la tomate - 900g","p":4.59,"u":"5,10 €/KG","img":"https://fd8-photos.leclercdrive.fr/image.ashx?id=2996779&use=l&cat=p&typeid=i","cat":284254},{"id":27976,"n":"Eau minérale naturelle Vittel 8x33cl","p":2.92,"u":"1,11 €/L","img":"https://fd8-photos.leclercdrive.fr/image.ashx?id=3000423&use=l&cat=p&typeid=i","cat":284535},{"id":27977,"n":"Eau minérale naturelle Vittel 6x50cl","p":2.24,"u":"0,75 €/L","img":"https://fd8-photos.leclercdrive.fr/image.ashx?id=2999850&use=l&cat=p&typeid=i","cat":284535},{"id":28021,"n":"Dentifrice enfant Dentamyl Gel fraise - 75ml","p":1.25,"u":"16,67 €/L","img":"https://fd8-photos.leclercdrive.fr/image.ashx?id=2613831&use=l&cat=p&typeid=i","cat":288898},{"id":28023,"n":"Duo céréales Comptoir du Grain  Quinoa et Boulgour - 400g","p":2.05,"u":"5,13 €/KG","img":"https://fd8-photos.leclercdrive.fr/image.ashx?id=3012830&use=l&cat=p&typeid=i","cat":284429},{"id":28025,"n":"Adhésif réparation Silea Grand format 25mx50mm","p":3.0,"img":"https://fd8-photos.leclercdrive.fr/image.ashx?id=2162348&use=l&cat=p&typeid=i","cat":300576},{"id":28078,"n":"Coton bébé Mots d'Enfants Duo maxi carrés - x80","p":1.79,"u":"0,02 €/P","img":"https://fd8-photos.leclercdrive.fr/image.ashx?id=3014206&use=l&cat=p&typeid=i","cat":284739},{"id":28083,"n":"Maïs Notre Jardin Tendre  - 2x300g","p":1.88,"u":"3,13 €/KG","img":"https://fd8-photos.leclercdrive.fr/image.ashx?id=3005661&use=l&cat=p&typeid=i","cat":312611},{"id":28099,"n":"Eau minérale gazeuse St Diery Naturelle - 6x1,25L","p":2.16,"u":"0,29 €/L","img":"https://fd8-photos.leclercdrive.fr/image.ashx?id=2863075&use=l&cat=p&typeid=i","cat":284536},{"id":28104,"n":"IGP Pays d'Oc Merlot vin rosé Vieux Carion 12.5% vol -75 cl","p":2.25,"u":"3,00 €/L","img":"https://fd8-photos.leclercdrive.fr/image.ashx?id=2903962&use=l&cat=p&typeid=i","cat":289558},{"id":28203,"n":"Fromage : Le Carré Les Croisés 23%mg - 230g","p":1.92,"u":"8,35 €/KG","img":"https://fd8-photos.leclercdrive.fr/image.ashx?id=2974801&use=l&cat=p&typeid=i","cat":314033},{"id":28209,"n":"Noix de cajou grillées Tokapi Salées - 125g","p":1.48,"u":"11,84 €/KG","img":"https://fd8-photos.leclercdrive.fr/image.ashx?id=2839821&use=l&cat=p&typeid=i","cat":284448},{"id":28211,"n":"Pistaches Tokapi Grillées et salées - 125g","p":1.85,"u":"14,80 €/KG","img":"https://fd8-photos.leclercdrive.fr/image.ashx?id=2795550&use=l&cat=p&typeid=i","cat":284448},{"id":28216,"n":"Café en grains Bio Village Bio 100% arabica - 250g","p":4.51,"u":"18,04 €/KG","img":"https://fd8-photos.leclercdrive.fr/image.ashx?id=1470434&use=l&cat=p&typeid=i","cat":293237},{"id":28217,"n":"Pain d'épices bio Bio Village Miel - Pré-tranché - 300g","p":1.65,"u":"5,50 €/KG","img":"https://fd8-photos.leclercdrive.fr/image.ashx?id=769642&use=l&cat=p&typeid=i","cat":284493},{"id":28227,"n":"Tablette bio Bio Village Chocolat au lait - 100g","p":1.76,"u":"17,60 €/KG","img":"https://fd8-photos.leclercdrive.fr/image.ashx?id=2791057&use=l&cat=p&typeid=i","cat":284497},{"id":28241,"n":"Savon mains en crème Manava Lait et miel - 300ml","p":1.05,"u":"3,50 €/L","img":"https://fd8-photos.leclercdrive.fr/image.ashx?id=2935486&use=l&cat=p&typeid=i","cat":284597},{"id":28269,"n":"Sacs congélation Eco+ Moyen modèle - x75","p":1.71,"u":"0,02 €/P","img":"https://fd8-photos.leclercdrive.fr/image.ashx?id=2558748&use=l&cat=p&typeid=i","cat":334134},{"id":28278,"n":"Oranges à jus Panier du Primeur Filet 2kg","p":3.39,"u":"1,70 €/KG","img":"https://fd8-photos.leclercdrive.fr/image.ashx?id=2414570&use=l&cat=p&typeid=i","cat":284356},{"id":28280,"n":"Flan entremets Tablier Blanc Vanille x4 192g","p":0.99,"u":"5,16 €/KG","img":"https://fd8-photos.leclercdrive.fr/image.ashx?id=2487464&use=l&cat=p&typeid=i","cat":284505},{"id":28308,"n":"Paëlla Royale Côté Table Poulet, moule et chorizo 940g","p":3.69,"u":"3,93 €/KG","img":"https://fd8-photos.leclercdrive.fr/image.ashx?id=2977873&use=l&cat=p&typeid=i","cat":325094},{"id":28311,"n":"Liqueur Grand Marnier Orange & Cognac - 40%vol - 70cl","p":20.18,"u":"28,83 €/L","img":"https://fd8-photos.leclercdrive.fr/image.ashx?id=3007909&use=l&cat=p&typeid=i","cat":286032},{"id":28323,"n":"Mayonnaise à l'ancienne Rustica 235g","p":1.28,"u":"5,45 €/KG","img":"https://fd8-photos.leclercdrive.fr/image.ashx?id=2954364&use=l&cat=p&typeid=i","cat":298295},{"id":28348,"n":"Lentilles blondes poly Sabarot 1kg","p":3.78,"u":"3,78 €/KG","img":"https://fd8-photos.leclercdrive.fr/image.ashx?id=2784746&use=l&cat=p&typeid=i","cat":284430},{"id":28353,"n":"AOP Reblochon de Savoie Pochat 45%mg - 450g","p":6.99,"u":"15,53 €/KG","img":"https://fd8-photos.leclercdrive.fr/image.ashx?id=2102761&use=l&cat=p&typeid=i","cat":314037},{"id":28356,"n":"Saucisson à cuire Randy De Lyon 400g","p":5.85,"u":"14,63 €/KG","img":"https://fd8-photos.leclercdrive.fr/image.ashx?id=2733496&use=l&cat=p&typeid=i","cat":316006},{"id":28415,"n":"Colin d'Alaska Pêche Océan À la moutarde - MSC - 400g","p":2.99,"u":"7,48 €/KG","img":"https://fd8-photos.leclercdrive.fr/image.ashx?id=2930117&use=l&cat=p&typeid=i","cat":319786},{"id":28419,"n":"Lingettes anti-transfert Texil Tous textiles x25","p":2.32,"u":"0,09 €/P","img":"https://fd8-photos.leclercdrive.fr/image.ashx?id=2964571&use=l&cat=p&typeid=i","cat":290450},{"id":28424,"n":"Steak haché Férial  15%mg - 400g","p":7.09,"u":"17,73 €/KG","img":"https://fd8-photos.leclercdrive.fr/image.ashx?id=2627236&use=l&cat=p&typeid=i","cat":284332},{"id":28432,"n":"Jus d'ananas Eco + Brique 1L","p":1.57,"u":"1,57 €/L","img":"https://fd8-photos.leclercdrive.fr/image.ashx?id=2595074&use=l&cat=p&typeid=i","cat":284916},{"id":28516,"n":"Chocolat Noir Lindt Excellence  pointe de piment rouge - 100g","p":2.55,"u":"25,50 €/KG","img":"https://fd8-photos.leclercdrive.fr/image.ashx?id=2209200&use=l&cat=p&typeid=i","cat":284956},{"id":28562,"n":"Oranges à déguster Panier du Primeur Filet 2kg","p":3.19,"u":"1,60 €/KG","img":"https://fd8-photos.leclercdrive.fr/image.ashx?id=2414567&use=l&cat=p&typeid=i","cat":284356},{"id":28594,"n":"Soupe instantanée Royco  Crème d'asperges - 4x200ml","p":1.37,"u":"1,71 €/L","img":"https://fd8-photos.leclercdrive.fr/image.ashx?id=2650982&use=l&cat=p&typeid=i","cat":293527},{"id":28613,"n":"Nectar multifruits  1L","p":0.98,"u":"0,98 €/L","img":"https://fd8-photos.leclercdrive.fr/image.ashx?id=2595531&use=l&cat=p&typeid=i","cat":284917},{"id":28710,"n":"Lingettes Mots d'Enfants Bio Bébé - x72 lingettes","p":2.53,"u":"0,04 €/P","img":"https://fd8-photos.leclercdrive.fr/image.ashx?id=2856504&use=l&cat=p&typeid=i","cat":284738},{"id":28715,"n":"Gel Toilette Intime Fraîcheur Intima Natural Aloe Vera 200ml","p":3.1,"u":"15,50 €/L","img":"https://fd8-photos.leclercdrive.fr/image.ashx?id=2959862&use=l&cat=p&typeid=i","cat":284627},{"id":28724,"n":"Nettoyant écologique Uni Vert Spécial Vitres - 750ml","p":1.79,"u":"2,39 €/L","img":"https://fd8-photos.leclercdrive.fr/image.ashx?id=2370993&use=l&cat=p&typeid=i","cat":325363},{"id":28725,"n":"Nettoyant écologique Uni Vert Spécial Vitres - 750ml","p":1.47,"u":"1,96 €/L","img":"https://fd8-photos.leclercdrive.fr/image.ashx?id=2372341&use=l&cat=p&typeid=i","cat":325363},{"id":28727,"n":"Tablettes anti-calcaire Calgon  4 en 1 - x48","p":13.15,"u":"21,07 €/KG","img":"https://fd8-photos.leclercdrive.fr/image.ashx?id=2954881&use=l&cat=p&typeid=i","cat":284653},{"id":28730,"n":"Bain moussant Manava Vanille et ambre 500ml","p":2.14,"u":"4,28 €/L","img":"https://fd8-photos.leclercdrive.fr/image.ashx?id=2618326&use=l&cat=p&typeid=i","cat":284594},{"id":28755,"n":"Beurre Bio Président Doux - 82% MG - 250g","p":3.65,"u":"14,60 €/KG","img":"https://fd8-photos.leclercdrive.fr/image.ashx?id=2545993&use=l&cat=p&typeid=i","cat":284379},{"id":28803,"n":"After Eight Chocolat Noël Nuit de Londres - 400g","p":7.67,"u":"19,18 €/KG","img":"https://fd8-photos.leclercdrive.fr/image.ashx?id=2918373&use=l&cat=p&typeid=i","cat":327595},{"id":28809,"n":"Pain burger géant Epi d'Or Nature x4 - 330g","p":0.87,"u":"2,64 €/KG","img":"https://fd8-photos.leclercdrive.fr/image.ashx?id=1861089&use=l&cat=p&typeid=i","cat":325067},{"id":28827,"n":"Chili con carne Côté Table Au piment de Cayenne - 820g","p":3.24,"u":"3,95 €/KG","img":"https://fd8-photos.leclercdrive.fr/image.ashx?id=2977156&use=l&cat=p&typeid=i","cat":325094},{"id":28828,"n":"Pâtes fraîches Turini Gnocchi 380g","p":1.09,"u":"2,87 €/KG","img":"https://fd8-photos.leclercdrive.fr/image.ashx?id=2254526&use=l&cat=p&typeid=i","cat":333682},{"id":28831,"n":"Cookies Méga pépites P'tit Déli Choco amandes caramelisées 184g","p":1.51,"u":"8,21 €/KG","img":"https://fd8-photos.leclercdrive.fr/image.ashx?id=2116128&use=l&cat=p&typeid=i","cat":325066},{"id":28832,"n":"Cookies Méga pépites P'tit Déli Chocolat 184g","p":1.51,"u":"8,21 €/KG","img":"https://fd8-photos.leclercdrive.fr/image.ashx?id=2722814&use=l&cat=p&typeid=i","cat":325066},{"id":28856,"n":"Pain burger Epi d'Or Géant complet x4 - 330g","p":0.97,"u":"2,94 €/KG","img":"https://fd8-photos.leclercdrive.fr/image.ashx?id=2042561&use=l&cat=p&typeid=i","cat":325067},{"id":28860,"n":"Pain de mie Epi d'or Complet - Spécial mie - 500g","p":1.47,"u":"2,94 €/KG","img":"https://fd8-photos.leclercdrive.fr/image.ashx?id=724372&use=l&cat=p&typeid=i","cat":284477},{"id":28861,"n":"Pain de mie Epi d'Or Spécial mie - Nature - 500g","p":1.49,"u":"2,98 €/KG","img":"https://fd8-photos.leclercdrive.fr/image.ashx?id=2807294&use=l&cat=p&typeid=i","cat":284477},{"id":28864,"n":"Cassoulet au confit canard NRT - 300g","p":2.97,"u":"9,90 €/KG","img":"https://fd8-photos.leclercdrive.fr/image.ashx?id=2996143&use=l&cat=p&typeid=i","cat":284953},{"id":28866,"n":"Coq au vin et ses torsades NRT 300g","p":2.61,"u":"8,70 €/KG","img":"https://fd8-photos.leclercdrive.fr/image.ashx?id=2723240&use=l&cat=p&typeid=i","cat":284953},{"id":28867,"n":"Foie gras canard IGP perigord NRT Entier - 125g","p":12.5,"u":"100,00 €/KG","img":"https://fd8-photos.leclercdrive.fr/image.ashx?id=2753514&use=l&cat=p&typeid=i","cat":305148},{"id":28869,"n":"Parmentier canard Sud Ouest NRT - 300g","p":2.99,"u":"9,97 €/KG","img":"https://fd8-photos.leclercdrive.fr/image.ashx?id=2925210&use=l&cat=p&typeid=i","cat":284953},{"id":28872,"n":"Saucisses de Toulouse lentilles NRT - 300g","p":2.36,"u":"7,87 €/KG","img":"https://fd8-photos.leclercdrive.fr/image.ashx?id=2723234&use=l&cat=p&typeid=i","cat":284953},{"id":28873,"n":"Thon blanc Bretagne NRT huile d'olive - 160g","p":2.88,"u":"18,00 €/KG","img":"https://fd8-photos.leclercdrive.fr/image.ashx?id=2791099&use=l&cat=p&typeid=i","cat":303867},{"id":28874,"n":"Thon blanc Bretagne NRT Nature - 160g","p":2.69,"u":"16,81 €/KG","img":"https://fd8-photos.leclercdrive.fr/image.ashx?id=2775445&use=l&cat=p&typeid=i","cat":303867},{"id":28900,"n":"Clémentines fines de Corse IGP  1kg","p":3.99,"u":"3,99 €/KG","img":"https://fd8-photos.leclercdrive.fr/image.ashx?id=1629034&use=l&cat=p&typeid=i","cat":284356},{"id":28938,"n":"Velouté bio Bio Village Légumes variés  - 1L","p":2.06,"u":"2,06 €/L","img":"https://fd8-photos.leclercdrive.fr/image.ashx?id=2133954&use=l&cat=p&typeid=i","cat":284462},{"id":28941,"n":"Potage gourmand Régal Soupe Légumes et fromage fondu - 1L","p":2.42,"u":"2,42 €/L","img":"https://fd8-photos.leclercdrive.fr/image.ashx?id=2607524&use=l&cat=p&typeid=i","cat":284462},{"id":28966,"n":"Liqueur Malibu Coco 18% vol - 70cl","p":9.59,"u":"13,70 €/L","img":"https://fd8-photos.leclercdrive.fr/image.ashx?id=2993481&use=l&cat=p&typeid=i","cat":284551},{"id":28970,"n":"Oeufs de lompe Ronde des Mers MSC - 2x100g","p":4.99,"u":"24,95 €/KG","img":"https://fd8-photos.leclercdrive.fr/image.ashx?id=2456144&use=l&cat=p&typeid=i","cat":285191},{"id":28974,"n":"Saumon fumé MSC Sauvage Ronde des Mers x4T - 120g","p":6.65,"u":"55,42 €/KG","img":"https://fd8-photos.leclercdrive.fr/image.ashx?id=2837692&use=l&cat=p&typeid=i","cat":285188},{"id":28996,"n":"Mayonnaise de Dijon AMORA 235g","p":1.7,"u":"7,23 €/KG","img":"https://fd8-photos.leclercdrive.fr/image.ashx?id=2946649&use=l&cat=p&typeid=i","cat":298295},{"id":28997,"n":"Mayonnaise de Dijon Amora 235g","p":1.44,"u":"6,13 €/KG","img":"https://fd8-photos.leclercdrive.fr/image.ashx?id=2877208&use=l&cat=p&typeid=i","cat":298295},{"id":28999,"n":"Mayonnaise de Dijon Amora Sans conservateur  - 415g","p":2.29,"u":"5,52 €/KG","img":"https://fd8-photos.leclercdrive.fr/image.ashx?id=2964207&use=l&cat=p&typeid=i","cat":298295},{"id":29009,"n":"Bûche glacée Eskiss Façon dame blanche - 530g","p":3.75,"u":"7,08 €/KG","img":"https://fd8-photos.leclercdrive.fr/image.ashx?id=2791293&use=l&cat=p&typeid=i","cat":284266},{"id":29014,"n":"Bloc de foie gras de canard Pierre de Chaumeyrac 300g","p":19.75,"u":"65,83 €/KG","img":"https://fd8-photos.leclercdrive.fr/image.ashx?id=2783014&use=l&cat=p&typeid=i","cat":316008},{"id":29015,"n":"Foie gras de canard entier Bocal - 180g","p":12.9,"u":"71,67 €/KG","img":"https://fd8-photos.leclercdrive.fr/image.ashx?id=1899030&use=l&cat=p&typeid=i","cat":316008},{"id":29017,"n":"Bloc de Foie gras canard 200g","p":9.49,"u":"47,45 €/KG","img":"https://fd8-photos.leclercdrive.fr/image.ashx?id=2422686&use=l&cat=p&typeid=i","cat":316008},{"id":29032,"n":"Chips Bret's Poulet braisé - 125g","p":0.96,"u":"7,68 €/KG","img":"https://fd8-photos.leclercdrive.fr/image.ashx?id=1927788&use=l&cat=p&typeid=i","cat":284447},{"id":29047,"n":"Pignons de pin Tablier Blanc 50g","p":2.39,"u":"47,80 €/KG","img":"https://fd8-photos.leclercdrive.fr/image.ashx?id=2867907&use=l&cat=p&typeid=i","cat":323809},{"id":29075,"n":"Sauce Tzatziki Tables du Monde 100g","p":0.9,"u":"9,00 €/KG","img":"https://fd8-photos.leclercdrive.fr/image.ashx?id=2872445&use=l&cat=p&typeid=i","cat":315999},{"id":29095,"n":"Yaourts brassés Délisse Vanille - 8x125g","p":2.65,"u":"2,65 €/KG","img":"https://fd8-photos.leclercdrive.fr/image.ashx?id=2372338&use=l&cat=p&typeid=i","cat":284410},{"id":29116,"n":"Bonbons sans sucres Confiséo Goût réglisse - 150g","p":2.64,"u":"17,60 €/KG","img":"https://fd8-photos.leclercdrive.fr/image.ashx?id=2934703&use=l&cat=p&typeid=i","cat":304250},{"id":29117,"n":"Bonbons sans sucres Confiséo Menthe - 150g","p":1.98,"u":"13,20 €/KG","img":"https://fd8-photos.leclercdrive.fr/image.ashx?id=2934697&use=l&cat=p&typeid=i","cat":304252},{"id":29119,"n":"Potage gourmand Régal Soupe 8 légumes à la crème - 1L","p":1.69,"u":"1,69 €/L","img":"https://fd8-photos.leclercdrive.fr/image.ashx?id=2607521&use=l&cat=p&typeid=i","cat":284462},{"id":29129,"n":"Bonbons acidulés Confiséo Aux fruits - 400g","p":2.65,"u":"6,63 €/KG","img":"https://fd8-photos.leclercdrive.fr/image.ashx?id=2934706&use=l&cat=p&typeid=i","cat":304252},{"id":29133,"n":"Sacs poubelle Haute 50L Elembal Poignées coulissantes - x15","p":1.94,"u":"0,13 €/P","img":"https://fd8-photos.leclercdrive.fr/image.ashx?id=2958726&use=l&cat=p&typeid=i","cat":285168},{"id":29134,"n":"Mousse coiffante Vitanove Effet boucles - 200ml","p":1.48,"u":"7,40 €/L","img":"https://fd8-photos.leclercdrive.fr/image.ashx?id=2490040&use=l&cat=p&typeid=i","cat":284609},{"id":29144,"n":"Roquefort AOP Baragnaudes Fromage de brebis - 150g","p":4.19,"u":"27,93 €/KG","img":"https://fd8-photos.leclercdrive.fr/image.ashx?id=2729692&use=l&cat=p&typeid=i","cat":314032},{"id":29174,"n":"Lait de douche Manava Pêche de vigne - 250ml","p":0.94,"u":"3,76 €/L","img":"https://fd8-photos.leclercdrive.fr/image.ashx?id=1636779&use=l&cat=p&typeid=i","cat":284594},{"id":29182,"n":"AOC Bordeaux rouge Yvecourt - 75cl","p":3.4,"u":"4,53 €/L","img":"https://fd8-photos.leclercdrive.fr/image.ashx?id=2529297&use=l&cat=p&typeid=i","cat":289556},{"id":29323,"n":"Superlevure Gayelord Hauser Paillettes étui 150g","p":2.19,"u":"14,60 €/KG","img":"https://fd8-photos.leclercdrive.fr/image.ashx?id=2786012&use=l&cat=p&typeid=i","cat":294686},{"id":29334,"n":"Biscuits miel sésame GERBLE  crousti'son - 4x5 200g","p":1.4,"u":"7,00 €/KG","img":"https://fd8-photos.leclercdrive.fr/image.ashx?id=2662280&use=l&cat=p&typeid=i","cat":318651},{"id":29336,"n":"Barre noisette chocolat Isostar  Céréal Max - 165g","p":1.78,"u":"10,79 €/KG","img":"https://fd8-photos.leclercdrive.fr/image.ashx?id=2676666&use=l&cat=p&typeid=i","cat":318652},{"id":29358,"n":"Pur jus pamplemousse Jafaden Rose - 1L","p":1.67,"u":"1,67 €/L","img":"https://fd8-photos.leclercdrive.fr/image.ashx?id=2869269&use=l&cat=p&typeid=i","cat":284914},{"id":29360,"n":"AOP Cabernet d'Anjou vin rosé Les Caractères - BIB 5L","p":21.49,"u":"4,30 €/L","img":"https://fd8-photos.leclercdrive.fr/image.ashx?id=2913672&use=l&cat=p&typeid=i","cat":289560},{"id":29361,"n":"Sacs poubelle haute 30L Elembal Poignées coulissantes - x25","p":3.23,"u":"0,13 €/P","img":"https://fd8-photos.leclercdrive.fr/image.ashx?id=2958723&use=l&cat=p&typeid=i","cat":285168},{"id":29364,"n":"Boisson base vin rosé Festalie Pamplemousse - 7.5% - 75 cl","p":1.89,"u":"2,52 €/L","img":"https://fd8-photos.leclercdrive.fr/image.ashx?id=2774891&use=l&cat=p&typeid=i","cat":304569},{"id":29365,"n":"Boisson à base de vin rosé  pamplemousse Festalie - BIB 3L","p":6.99,"u":"2,33 €/L","img":"https://fd8-photos.leclercdrive.fr/image.ashx?id=2745472&use=l&cat=p&typeid=i","cat":304569},{"id":29368,"n":"Boisson à base de vin blanc saveur pêche Festalie - 75 cl","p":2.75,"u":"3,67 €/L","img":"https://fd8-photos.leclercdrive.fr/image.ashx?id=2774894&use=l&cat=p&typeid=i","cat":304569},{"id":29369,"n":"AOC Côtes du Rhône vin rosé Grégoire XI - BIB 3L","p":9.99,"u":"3,33 €/L","img":"https://fd8-photos.leclercdrive.fr/image.ashx?id=2882322&use=l&cat=p&typeid=i","cat":289560},{"id":29370,"n":"AOP Crémant de Loire brut Les Caractères - 75cl","p":4.99,"u":"6,65 €/L","img":"https://fd8-photos.leclercdrive.fr/image.ashx?id=2675262&use=l&cat=p&typeid=i","cat":284545},{"id":29376,"n":"AOC Crémant de Limoux brut  Prieur Barsanne - 75cl","p":5.39,"u":"7,19 €/L","img":"https://fd8-photos.leclercdrive.fr/image.ashx?id=2457665&use=l&cat=p&typeid=i","cat":284545},{"id":29389,"n":"AOC Coteaux d'Aix-en-Provence vin rosé Terres Ocrées - BIB 3L","p":15.99,"u":"5,33 €/L","img":"https://fd8-photos.leclercdrive.fr/image.ashx?id=2704487&use=l&cat=p&typeid=i","cat":289560},{"id":29396,"n":"Mousse coiffante Vitanove Effet volume - 200ml","p":1.48,"u":"7,40 €/L","img":"https://fd8-photos.leclercdrive.fr/image.ashx?id=2490037&use=l&cat=p&typeid=i","cat":284609},{"id":29419,"n":"Tortillas chips Tokapi Nature - 150g","p":0.55,"u":"3,67 €/KG","img":"https://fd8-photos.leclercdrive.fr/image.ashx?id=2647955&use=l&cat=p&typeid=i","cat":287899},{"id":29447,"n":"Truite fumée Ronde des mers France 6 tranches - 150g","p":4.95,"u":"33,00 €/KG","img":"https://fd8-photos.leclercdrive.fr/image.ashx?id=2833105&use=l&cat=p&typeid=i","cat":285188},{"id":29493,"n":"Tomato Ketchup Bio Heinz - 580g","p":2.41,"u":"4,16 €/KG","img":"https://fd8-photos.leclercdrive.fr/image.ashx?id=2927726&use=l&cat=p&typeid=i","cat":284455},{"id":29518,"n":"Glace Tyrolia Eskiss Caramel biscuit - 380g","p":2.57,"u":"6,76 €/KG","img":"https://fd8-photos.leclercdrive.fr/image.ashx?id=2075666&use=l&cat=p&typeid=i","cat":284266},{"id":29535,"n":"Croûtons Epi d'Or Ail - 2x90g","p":1.19,"u":"6,61 €/KG","img":"https://fd8-photos.leclercdrive.fr/image.ashx?id=2606049&use=l&cat=p&typeid=i","cat":284464},{"id":29570,"n":"Saucisson Petit Justin Bridou  Bâton de Berger Nature - 160g","p":3.39,"u":"21,19 €/KG","img":"https://fd8-photos.leclercdrive.fr/image.ashx?id=2894893&use=l&cat=p&typeid=i","cat":316006},{"id":29701,"n":"Bonbons Confiséo Menthe fraîcheur - 360g","p":1.87,"u":"5,19 €/KG","img":"https://fd8-photos.leclercdrive.fr/image.ashx?id=2934682&use=l&cat=p&typeid=i","cat":304252},{"id":29724,"n":"Escalope de dinde Le Gaulois Milanaise x2 - 240g","p":4.83,"u":"20,13 €/KG","img":"https://fd8-photos.leclercdrive.fr/image.ashx?id=2259652&use=l&cat=p&typeid=i","cat":284337},{"id":29745,"n":"Steak haché Burger Tendre&Plus 15%MG x4 - 320g","p":5.3,"u":"16,56 €/KG","img":"https://fd8-photos.leclercdrive.fr/image.ashx?id=2786381&use=l&cat=p&typeid=i","cat":284332},{"id":29753,"n":"Eau gazeuse La Pétillante Citron vert sans sucre - 1L","p":0.4,"u":"0,40 €/L","img":"https://fd8-photos.leclercdrive.fr/image.ashx?id=2669738&use=l&cat=p&typeid=i","cat":284536},{"id":29754,"n":"Eau gazeuse La Pétillante Citron sans sucre - 1L","p":0.4,"u":"0,40 €/L","img":"https://fd8-photos.leclercdrive.fr/image.ashx?id=2590442&use=l&cat=p&typeid=i","cat":284536},{"id":29759,"n":"Bière Hoegaarden rosée 3% - 6x25cl","p":4.1,"u":"2,73 €/L","img":"https://fd8-photos.leclercdrive.fr/image.ashx?id=1562515&use=l&cat=p&typeid=i","cat":334878},{"id":29761,"n":"Taboulé Pierre Martinet Au poulet 500g","p":2.95,"u":"5,90 €/KG","img":"https://fd8-photos.leclercdrive.fr/image.ashx?id=2990526&use=l&cat=p&typeid=i","cat":333657},{"id":29764,"n":"Galettes blé noir Bio village Bio x4 - 200g","p":1.83,"u":"9,15 €/KG","img":"https://fd8-photos.leclercdrive.fr/image.ashx?id=2907258&use=l&cat=p&typeid=i","cat":333672},{"id":29765,"n":"Eau gazeuse aromatisée Badoit citron sans sucres - 1l","p":0.79,"u":"0,79 €/L","img":"https://fd8-photos.leclercdrive.fr/image.ashx?id=2730634&use=l&cat=p&typeid=i","cat":284537},{"id":29767,"n":"Eau gazeuse aromatisée Badoit citron vert sans sucres- 1L","p":0.93,"u":"0,93 €/L","img":"https://fd8-photos.leclercdrive.fr/image.ashx?id=3011044&use=l&cat=p&typeid=i","cat":284537},{"id":29768,"n":"Bière blonde 1664 5,5° - 50cl canette","p":1.21,"u":"2,42 €/L","img":"https://fd8-photos.leclercdrive.fr/image.ashx?id=2887563&use=l&cat=p&typeid=i","cat":334853},{"id":29794,"n":"Triangolo Fromage enfants vache Les Croisés 24 portions - 400g","p":2.67,"u":"6,68 €/KG","img":"https://fd8-photos.leclercdrive.fr/image.ashx?id=2791779&use=l&cat=p&typeid=i","cat":314030},{"id":29795,"n":"Fromage à tartiner Les Croisés Ail et fines herbes 24%mg 250g","p":2.09,"u":"8,36 €/KG","img":"https://fd8-photos.leclercdrive.fr/image.ashx?id=2476143&use=l&cat=p&typeid=i","cat":314029},{"id":29802,"n":"Kit Pâte à pizza Tablier Blanc 600g","p":2.59,"u":"4,32 €/KG","img":"https://fd8-photos.leclercdrive.fr/image.ashx?id=1731167&use=l&cat=p&typeid=i","cat":333681},{"id":29816,"n":"Bicarbonate alimentaire La Baleine - 800g","p":2.12,"u":"2,65 €/KG","img":"https://fd8-photos.leclercdrive.fr/image.ashx?id=2468335&use=l&cat=p&typeid=i","cat":284457},{"id":29824,"n":"Liqueur Lagoa Goût coco 17%vol - 70cl","p":8.8,"u":"12,57 €/L","img":"https://fd8-photos.leclercdrive.fr/image.ashx?id=2958332&use=l&cat=p&typeid=i","cat":284551},{"id":29840,"n":"Bouillon cubes herbes Knorr Huile d'olive Puget x15 -150g","p":1.16,"u":"7,73 €/KG","img":"https://fd8-photos.leclercdrive.fr/image.ashx?id=2890601&use=l&cat=p&typeid=i","cat":288379},{"id":29841,"n":"Bouillon de Poule KNORR 15 Tablettes - 150g","p":1.16,"u":"7,73 €/KG","img":"https://fd8-photos.leclercdrive.fr/image.ashx?id=2906043&use=l&cat=p&typeid=i","cat":288379},{"id":29845,"n":"Moulin saveur Ducros Assaisonnement steak - 35g","p":2.01,"u":"57,43 €/KG","img":"https://fd8-photos.leclercdrive.fr/image.ashx?id=2559448&use=l&cat=p&typeid=i","cat":298297},{"id":29854,"n":"Beurre de Bretagne Les Croisés Doux - 82% MG - 250g","p":2.61,"u":"10,44 €/KG","img":"https://fd8-photos.leclercdrive.fr/image.ashx?id=2943641&use=l&cat=p&typeid=i","cat":284379},{"id":29855,"n":"Beurre de Bretagne Les Croisés Demi-sel - 80% MG - 250g","p":2.61,"u":"10,44 €/KG","img":"https://fd8-photos.leclercdrive.fr/image.ashx?id=2943644&use=l&cat=p&typeid=i","cat":284379},{"id":29856,"n":"Beurre Extra fin Les Croisés Doux - 82 % MG - 125g","p":1.49,"u":"11,92 €/KG","img":"https://fd8-photos.leclercdrive.fr/image.ashx?id=2791272&use=l&cat=p&typeid=i","cat":284379},{"id":29857,"n":"Beurre Les Croisés 80% MG  Demi-sel Extra fin - 125g","p":1.49,"u":"11,92 €/KG","img":"https://fd8-photos.leclercdrive.fr/image.ashx?id=2778066&use=l&cat=p&typeid=i","cat":284379},{"id":29862,"n":"Champignons Bio Bio Village Emincés - 600g","p":2.99,"u":"4,98 €/KG","img":"https://fd8-photos.leclercdrive.fr/image.ashx?id=2891815&use=l&cat=p&typeid=i","cat":319805},{"id":29864,"n":"Crème fraîche entière Délisse Fleurette - 30% MG - 40cl","p":1.72,"u":"4,30 €/L","img":"https://fd8-photos.leclercdrive.fr/image.ashx?id=3002575&use=l&cat=p&typeid=i","cat":284381},{"id":29865,"n":"Crème fraîche légère Délisse Fleurette - 12% MG - 40cl","p":1.62,"u":"4,05 €/L","img":"https://fd8-photos.leclercdrive.fr/image.ashx?id=3002578&use=l&cat=p&typeid=i","cat":284381},{"id":29866,"n":"Crème légère fluide UHT Délisse Brique 12%mg - 1L","p":3.39,"u":"3,39 €/L","img":"https://fd8-photos.leclercdrive.fr/image.ashx?id=3002584&use=l&cat=p&typeid=i","cat":284381},{"id":29869,"n":"Crème anglaise Délisse 1L","p":2.49,"u":"2,49 €/L","img":"https://fd8-photos.leclercdrive.fr/image.ashx?id=3002596&use=l&cat=p&typeid=i","cat":284382},{"id":29872,"n":"Crème semi-épaisse légère UHT Délisse 18%mg - 2x25cl","p":2.34,"u":"4,68 €/L","img":"https://fd8-photos.leclercdrive.fr/image.ashx?id=3002593&use=l&cat=p&typeid=i","cat":284381},{"id":29874,"n":"Emincés poireaux Notre Jardin A la crème 750g","p":2.55,"u":"3,40 €/KG","img":"https://fd8-photos.leclercdrive.fr/image.ashx?id=2873144&use=l&cat=p&typeid=i","cat":319805},{"id":29897,"n":"Liqueur pomme verte Manzella 17%vol. - 70cl","p":6.5,"u":"9,29 €/L","img":"https://fd8-photos.leclercdrive.fr/image.ashx?id=2715997&use=l&cat=p&typeid=i","cat":286032},{"id":29900,"n":"Bière belge Rince Cochon Blonde - 8.5%vol. - 33cl","p":2.41,"u":"7,30 €/L","img":"https://fd8-photos.leclercdrive.fr/image.ashx?id=2694695&use=l&cat=p&typeid=i","cat":334872},{"id":29913,"n":"Bière belge Rince Cochon Fruits rouges - 7.5%vol. - 33cl","p":1.76,"u":"5,33 €/L","img":"https://fd8-photos.leclercdrive.fr/image.ashx?id=2694698&use=l&cat=p&typeid=i","cat":334872},{"id":29961,"n":"AOC Buzet rouge L'Excellence - 75cl","p":3.65,"u":"4,87 €/L","img":"https://fd8-photos.leclercdrive.fr/image.ashx?id=2831891&use=l&cat=p&typeid=i","cat":289556},{"id":29973,"n":"Lessive Liquide Woolite  Noir et Foncés - 1,5L","p":5.23,"u":"3,49 €/L","img":"https://fd8-photos.leclercdrive.fr/image.ashx?id=2848650&use=l&cat=p&typeid=i","cat":284640},{"id":29979,"n":"Paupiette de veau Marie  Jardinière de légumes - 300g","p":3.69,"u":"12,30 €/KG","img":"https://fd8-photos.leclercdrive.fr/image.ashx?id=2317420&use=l&cat=p&typeid=i","cat":333665},{"id":30029,"n":"Poêlée champignons Notre Jardin Forestière - 400g","p":4.66,"u":"11,65 €/KG","img":"https://fd8-photos.leclercdrive.fr/image.ashx?id=2771372&use=l&cat=p&typeid=i","cat":319823},{"id":30039,"n":"Lait de montagne Délisse UHT Bouteille -  1L","p":1.11,"u":"1,11 €/L","img":"https://fd8-photos.leclercdrive.fr/image.ashx?id=2929934&use=l&cat=p&typeid=i","cat":284377},{"id":30040,"n":"Lait de montagne Délisse Brique UHT -  1L","p":1.09,"u":"1,09 €/L","img":"https://fd8-photos.leclercdrive.fr/image.ashx?id=2610208&use=l&cat=p&typeid=i","cat":284377},{"id":30042,"n":"Lait frais demi-écrémé Délisse Bouteille - 1L","p":1.12,"u":"1,12 €/L","img":"https://fd8-photos.leclercdrive.fr/image.ashx?id=2970581&use=l&cat=p&typeid=i","cat":285609},{"id":30043,"n":"Lait frais Délisse Entier Bouteille - 1L","p":1.33,"u":"1,33 €/L","img":"https://fd8-photos.leclercdrive.fr/image.ashx?id=2970584&use=l&cat=p&typeid=i","cat":285609},{"id":30051,"n":"Mini gratins Côté Table Choux fleurs - x4 480g","p":3.19,"u":"6,65 €/KG","img":"https://fd8-photos.leclercdrive.fr/image.ashx?id=2029370&use=l&cat=p&typeid=i","cat":319802},{"id":30053,"n":"Nuggets de poulet Pic'Express x18 400g","p":4.15,"u":"10,38 €/KG","img":"https://fd8-photos.leclercdrive.fr/image.ashx?id=2823747&use=l&cat=p&typeid=i","cat":319780},{"id":30056,"n":"Ratatouille Bio Bio Village Cuisinée - 600g","p":3.49,"u":"5,82 €/KG","img":"https://fd8-photos.leclercdrive.fr/image.ashx?id=2891821&use=l&cat=p&typeid=i","cat":319823},{"id":30059,"n":"Trio de fleurette Notre Jardin 1kg","p":2.48,"u":"2,48 €/KG","img":"https://fd8-photos.leclercdrive.fr/image.ashx?id=2873141&use=l&cat=p&typeid=i","cat":319805},{"id":30067,"n":"Assaisonnement En Poudre KNORR Secret d’Arômes Tube - 60g","p":1.63,"u":"27,17 €/KG","img":"https://fd8-photos.leclercdrive.fr/image.ashx?id=3014401&use=l&cat=p&typeid=i","cat":298297},{"id":30069,"n":"Roux minute Maïzena Béchamel - 250g","p":1.5,"u":"6,00 €/KG","img":"https://fd8-photos.leclercdrive.fr/image.ashx?id=2769603&use=l&cat=p&typeid=i","cat":288382},{"id":30084,"n":"Bacon Saint Azay 100g","p":1.62,"u":"16,20 €/KG","img":"https://fd8-photos.leclercdrive.fr/image.ashx?id=2943653&use=l&cat=p&typeid=i","cat":316007},{"id":30089,"n":"Blanc de poulet Tradilège 6 tranches - 180g","p":1.59,"u":"8,83 €/KG","img":"https://fd8-photos.leclercdrive.fr/image.ashx?id=2943677&use=l&cat=p&typeid=i","cat":316010},{"id":30091,"n":"Blanc de dinde Tradilège 6 tranches 180g","p":1.96,"u":"10,89 €/KG","img":"https://fd8-photos.leclercdrive.fr/image.ashx?id=2974867&use=l&cat=p&typeid=i","cat":316010},{"id":30099,"n":"Duo pâté / mousse Tradilège Canard 2x50g","p":1.18,"u":"11,80 €/KG","img":"https://fd8-photos.leclercdrive.fr/image.ashx?id=2974861&use=l&cat=p&typeid=i","cat":316008},{"id":30110,"n":"Pommes de terre NRT à la Sarladaise - 600g","p":2.99,"u":"4,98 €/KG","img":"https://fd8-photos.leclercdrive.fr/image.ashx?id=2699816&use=l&cat=p&typeid=i","cat":319823},{"id":30114,"n":"Pansements Mercurochrome Hydrocolloïdes - x6","p":3.5,"u":"0,58 €/P","img":"https://fd8-photos.leclercdrive.fr/image.ashx?id=2663962&use=l&cat=p&typeid=i","cat":284630},{"id":30124,"n":"Soupe Régal Soupe Tomate et vermicelles - 1L","p":1.8,"u":"1,80 €/L","img":"https://fd8-photos.leclercdrive.fr/image.ashx?id=2607518&use=l&cat=p&typeid=i","cat":284462},{"id":30128,"n":"Céréales Chocapic Nestlé Chocolat - 1kg","p":5.78,"u":"5,78 €/KG","img":"https://fd8-photos.leclercdrive.fr/image.ashx?id=2977729&use=l&cat=p&typeid=i","cat":309513},{"id":30144,"n":"Croquettes chiens adulte Ultima Medium/maxi - poulet 7.5kg","p":18.31,"u":"2,44 €/KG","img":"https://fd8-photos.leclercdrive.fr/image.ashx?id=2872033&use=l&cat=p&typeid=i","cat":284672},{"id":30146,"n":"Croquettes chiens senior Ultima Medium/maxi - poulet - 7.5kg","p":24.25,"u":"3,23 €/KG","img":"https://fd8-photos.leclercdrive.fr/image.ashx?id=2505876&use=l&cat=p&typeid=i","cat":284672},{"id":30150,"n":"Eau aromatisée Volvic Juicy Agrumes -1,5L","p":1.33,"u":"0,89 €/L","img":"https://fd8-photos.leclercdrive.fr/image.ashx?id=2961987&use=l&cat=p&typeid=i","cat":284537},{"id":30156,"n":"Eau aromatisée Volvic Juicy Mangue ananas - 6x50cl","p":4.09,"u":"1,36 €/L","img":"https://fd8-photos.leclercdrive.fr/image.ashx?id=2943885&use=l&cat=p&typeid=i","cat":284537},{"id":30185,"n":"Haché moelleux oignon Férial x10 - 1kg","p":7.49,"u":"7,49 €/KG","img":"https://fd8-photos.leclercdrive.fr/image.ashx?id=2704517&use=l&cat=p&typeid=i","cat":319778},{"id":30186,"n":"Haché moelleux Férial x10 - 1kg","p":9.73,"u":"9,73 €/KG","img":"https://fd8-photos.leclercdrive.fr/image.ashx?id=2966514&use=l&cat=p&typeid=i","cat":319778},{"id":30188,"n":"Steak haché bio - Bio Village  15%mg x4 - 400g","p":8.25,"u":"20,63 €/KG","img":"https://fd8-photos.leclercdrive.fr/image.ashx?id=2840422&use=l&cat=p&typeid=i","cat":319778},{"id":30189,"n":"Tortillas chips Tokapi Chili - 150g","p":0.99,"u":"6,60 €/KG","img":"https://fd8-photos.leclercdrive.fr/image.ashx?id=2647958&use=l&cat=p&typeid=i","cat":287899},{"id":30212,"n":"Soufflés l'Original Curly Cacahuète - 100g","p":0.99,"u":"9,90 €/KG","img":"https://fd8-photos.leclercdrive.fr/image.ashx?id=2693635&use=l&cat=p&typeid=i","cat":284449},{"id":30213,"n":"Soufflés l'Original Curly Cacahuète - 2x100g","p":1.95,"u":"9,75 €/KG","img":"https://fd8-photos.leclercdrive.fr/image.ashx?id=2962887&use=l&cat=p&typeid=i","cat":284449},{"id":30235,"n":"Bonbons Tic Tac  Menthe x100 - 49g","p":1.76,"u":"35,92 €/KG","img":"https://fd8-photos.leclercdrive.fr/image.ashx?id=2729470&use=l&cat=p&typeid=i","cat":304256},{"id":30256,"n":"Pâte à tartiner Nutella 825g","p":6.04,"u":"7,32 €/KG","img":"https://fd8-photos.leclercdrive.fr/image.ashx?id=2961813&use=l&cat=p&typeid=i","cat":284481},{"id":30272,"n":"IGP Pays d'Oc rouge Merlot Les Ormes de Cambras 12.5% BIB 5L","p":16.95,"u":"3,39 €/L","img":"https://fd8-photos.leclercdrive.fr/image.ashx?id=2443871&use=l&cat=p&typeid=i","cat":289560},{"id":30273,"n":"IGP Pays d'OC rouge Les Ormes De Cambras Sauvignon 12% BIB 5L","p":17.55,"u":"3,51 €/L","img":"https://fd8-photos.leclercdrive.fr/image.ashx?id=2445115&use=l&cat=p&typeid=i","cat":289560},{"id":30293,"n":"Brosse et peigne Tigex Bleu - 1 pièce","p":4.7,"img":"https://fd8-photos.leclercdrive.fr/image.ashx?id=1871149&use=l&cat=p&typeid=i","cat":289435},{"id":30349,"n":"Nettoyant écologique Uni Vert Salle de bain - 750ml","p":2.06,"u":"2,75 €/L","img":"https://fd8-photos.leclercdrive.fr/image.ashx?id=2059089&use=l&cat=p&typeid=i","cat":325357},{"id":30350,"n":"Nettoyant écologique Uni Vert Cuisine - 750ml","p":2.02,"u":"2,69 €/L","img":"https://fd8-photos.leclercdrive.fr/image.ashx?id=2192676&use=l&cat=p&typeid=i","cat":325357},{"id":30360,"n":"Bonbons Tic Tac 100 pastilles citron vert et orange - 49g","p":1.76,"u":"35,92 €/KG","img":"https://fd8-photos.leclercdrive.fr/image.ashx?id=2736280&use=l&cat=p&typeid=i","cat":304256},{"id":30362,"n":"Fleur de maïs Maïzena 400g","p":1.55,"u":"3,88 €/KG","img":"https://fd8-photos.leclercdrive.fr/image.ashx?id=2312770&use=l&cat=p&typeid=i","cat":288382},{"id":30372,"n":"Fleur de Maïs Maïzena Sans Gluten Format Famille 700g","p":2.71,"u":"3,87 €/KG","img":"https://fd8-photos.leclercdrive.fr/image.ashx?id=2773907&use=l&cat=p&typeid=i","cat":288382},{"id":30386,"n":"Crème dessert Mont Blanc Boîte Praliné - 570g","p":2.04,"u":"3,58 €/KG","img":"https://fd8-photos.leclercdrive.fr/image.ashx?id=3011596&use=l&cat=p&typeid=i","cat":284506},{"id":30394,"n":"Mélange malin Ducros Pour pâtes - 30g","p":1.67,"u":"55,67 €/KG","img":"https://fd8-photos.leclercdrive.fr/image.ashx?id=2559457&use=l&cat=p&typeid=i","cat":298297},{"id":30395,"n":"Piment d'Espelette AOP Ducros - 40g","p":4.57,"u":"114,25 €/KG","img":"https://fd8-photos.leclercdrive.fr/image.ashx?id=2559463&use=l&cat=p&typeid=i","cat":298297},{"id":30407,"n":"Dés de fromage salade Boursin Ail & fines herbes -120g","p":2.19,"u":"18,25 €/KG","img":"https://fd8-photos.leclercdrive.fr/image.ashx?id=2864366&use=l&cat=p&typeid=i","cat":314027},{"id":30413,"n":"Pommeau de Normandie NRT  17%vol. - 70cl","p":8.6,"u":"12,29 €/L","img":"https://fd8-photos.leclercdrive.fr/image.ashx?id=1647898&use=l&cat=p&typeid=i","cat":284913},{"id":30414,"n":"Muscat de Mireval AOC NRT  15%vol - 75cl","p":9.17,"u":"12,23 €/L","img":"https://fd8-photos.leclercdrive.fr/image.ashx?id=1965020&use=l&cat=p&typeid=i","cat":284913},{"id":30415,"n":"IGP Pays d'Oc rouge J-P Chenet Cabernet Syrah 13% vol - BIB 3L","p":11.45,"u":"3,82 €/L","img":"https://fd8-photos.leclercdrive.fr/image.ashx?id=2837451&use=l&cat=p&typeid=i","cat":289560},{"id":30416,"n":"Kebab Charal 2x250g - 500g","p":8.41,"u":"16,82 €/KG","img":"https://fd8-photos.leclercdrive.fr/image.ashx?id=2741946&use=l&cat=p&typeid=i","cat":319822},{"id":30420,"n":"Pizza Cuite sur pierre Turini Royale familiale - 570g","p":2.84,"u":"4,98 €/KG","img":"https://fd8-photos.leclercdrive.fr/image.ashx?id=2815241&use=l&cat=p&typeid=i","cat":284256},{"id":30477,"n":"Chocolat Pâtissier Nestlé Dessert : Praliné - 170g","p":3.19,"u":"18,76 €/KG","img":"https://fd8-photos.leclercdrive.fr/image.ashx?id=2895637&use=l&cat=p&typeid=i","cat":285562},{"id":30509,"n":"Shampooing Jacques Dessange Réveil color - 2x250ml","p":6.76,"u":"13,52 €/L","img":"https://fd8-photos.leclercdrive.fr/image.ashx?id=2392765&use=l&cat=p&typeid=i","cat":284606},{"id":30520,"n":"Fromage apéritif BoursinFromage Ail et fines herbes 20 roulés","p":3.49,"u":"34,90 €/KG","img":"https://fd8-photos.leclercdrive.fr/image.ashx?id=2918589&use=l&cat=p&typeid=i","cat":314027},{"id":30570,"n":"Sauce Tube Ail Oignons Panzani Panzani - 180G","p":1.13,"u":"6,28 €/KG","img":"https://fd8-photos.leclercdrive.fr/image.ashx?id=3004804&use=l&cat=p&typeid=i","cat":288384},{"id":30572,"n":"Pur jus de pomme Jafaden 1L","p":2.15,"u":"2,15 €/L","img":"https://fd8-photos.leclercdrive.fr/image.ashx?id=2916701&use=l&cat=p&typeid=i","cat":285435},{"id":30573,"n":"Edulcorant sucralose Canderel Briquet x300","p":3.89,"u":"125,48 €/KG","img":"https://fd8-photos.leclercdrive.fr/image.ashx?id=2811014&use=l&cat=p&typeid=i","cat":324846},{"id":30575,"n":"Happy' Box Haribo Boîte bonbons - 600g","p":5.15,"u":"8,58 €/KG","img":"https://fd8-photos.leclercdrive.fr/image.ashx?id=2802353&use=l&cat=p&typeid=i","cat":304250},{"id":30576,"n":"Zanzigliss Haribo Sachet bonbons réglisse - 300g","p":1.89,"u":"6,30 €/KG","img":"https://fd8-photos.leclercdrive.fr/image.ashx?id=2802347&use=l&cat=p&typeid=i","cat":304250},{"id":30577,"n":"Les Schtroumpfs Pik Haribo Sachet bonbons acidulés - 275g","p":1.65,"u":"6,00 €/KG","img":"https://fd8-photos.leclercdrive.fr/image.ashx?id=2984898&use=l&cat=p&typeid=i","cat":304250},{"id":30578,"n":"Bonbons LUTTI Scoubidou Doux Fruits - 200g","p":1.29,"u":"6,45 €/KG","img":"https://fd8-photos.leclercdrive.fr/image.ashx?id=2817434&use=l&cat=p&typeid=i","cat":304250},{"id":30582,"n":"Petit pot de crème Délisse Vanille - 8x100g","p":3.48,"u":"4,35 €/KG","img":"https://fd8-photos.leclercdrive.fr/image.ashx?id=2544976&use=l&cat=p&typeid=i","cat":285041},{"id":30587,"n":"Yaourts châtaignes Bio village Bio au lait de brebis - 2x125g","p":1.67,"u":"6,68 €/KG","img":"https://fd8-photos.leclercdrive.fr/image.ashx?id=2658593&use=l&cat=p&typeid=i","cat":314998},{"id":30592,"n":"Fromage blanc Délisse Sucré 3% MG - 8x100g","p":2.29,"u":"2,86 €/KG","img":"https://fd8-photos.leclercdrive.fr/image.ashx?id=1744463&use=l&cat=p&typeid=i","cat":284409},{"id":30594,"n":"Fromage frais nature Bio Bio village - 12x60g","p":3.44,"u":"4,78 €/KG","img":"https://fd8-photos.leclercdrive.fr/image.ashx?id=2992633&use=l&cat=p&typeid=i","cat":284409},{"id":30596,"n":"Faisselle Délisse 6%mg - 4x100g","p":1.86,"u":"4,65 €/KG","img":"https://fd8-photos.leclercdrive.fr/image.ashx?id=1735218&use=l&cat=p&typeid=i","cat":284409},{"id":30598,"n":"Actifidus Délisse Vanille - 4x125g","p":1.25,"u":"2,50 €/KG","img":"https://fd8-photos.leclercdrive.fr/image.ashx?id=2713649&use=l&cat=p&typeid=i","cat":315000},{"id":30600,"n":"Billes Chocolat au Lait KitKat Sachet  - 250g","p":3.99,"u":"15,96 €/KG","img":"https://fd8-photos.leclercdrive.fr/image.ashx?id=2806063&use=l&cat=p&typeid=i","cat":304238},{"id":30603,"n":"Soupe liquide brique Liebig  Chinoise - 1L","p":2.73,"u":"2,73 €/L","img":"https://fd8-photos.leclercdrive.fr/image.ashx?id=2750988&use=l&cat=p&typeid=i","cat":287367},{"id":30607,"n":"Soupe liquide Liebig  Potiron et kiri - Brique 1L","p":2.35,"u":"2,35 €/L","img":"https://fd8-photos.leclercdrive.fr/image.ashx?id=2892130&use=l&cat=p&typeid=i","cat":284462},{"id":30619,"n":"Jambon cru Aoste Quart Tranché  sans conservateur -  x18 - 220g","p":5.49,"u":"24,95 €/KG","img":"https://fd8-photos.leclercdrive.fr/image.ashx?id=2948057&use=l&cat=p&typeid=i","cat":316007},{"id":30627,"n":"Salade Notre Jardin Jeunes pousses d'épinard - 100g","p":1.4,"u":"14,00 €/KG","img":"https://fd8-photos.leclercdrive.fr/image.ashx?id=2655604&use=l&cat=p&typeid=i","cat":284353},{"id":30640,"n":"Lapin chasseur Côté Table 280g","p":2.2,"u":"7,86 €/KG","img":"https://fd8-photos.leclercdrive.fr/image.ashx?id=2393866&use=l&cat=p&typeid=i","cat":284953},{"id":30641,"n":"Son d'avoine bio Bio Village 500g","p":2.69,"u":"5,38 €/KG","img":"https://fd8-photos.leclercdrive.fr/image.ashx?id=2664334&use=l&cat=p&typeid=i","cat":309512},{"id":30645,"n":"Salade Notre Jardin Duo Mâche et Roquette - 125g","p":1.68,"u":"13,44 €/KG","img":"https://fd8-photos.leclercdrive.fr/image.ashx?id=2669714&use=l&cat=p&typeid=i","cat":284353},{"id":30646,"n":"Salade Notre Jardin Feuille de chêne - 125g","p":0.95,"u":"7,60 €/KG","img":"https://fd8-photos.leclercdrive.fr/image.ashx?id=2669717&use=l&cat=p&typeid=i","cat":284353},{"id":30656,"n":"Bandes de cire froide Siliss Maillot aisselles - x16","p":2.19,"u":"0,14 €/P","img":"https://fd8-photos.leclercdrive.fr/image.ashx?id=2699450&use=l&cat=p&typeid=i","cat":325351},{"id":30697,"n":"Savon d'alep Manava 200g","p":3.99,"u":"19,95 €/KG","img":"https://fd8-photos.leclercdrive.fr/image.ashx?id=1952895&use=l&cat=p&typeid=i","cat":284597},{"id":30715,"n":"Désodorisant Texil Parfumé 500ml","p":2.61,"u":"5,22 €/L","img":"https://fd8-photos.leclercdrive.fr/image.ashx?id=2964568&use=l&cat=p&typeid=i","cat":290451},{"id":30729,"n":"Crème Dépilatoire Siliss Maillot aisselles - 100ml","p":1.79,"u":"17,90 €/L","img":"https://fd8-photos.leclercdrive.fr/image.ashx?id=2699687&use=l&cat=p&typeid=i","cat":325351},{"id":30768,"n":"Gel douche Manava Pétales d'Orient 100ml","p":0.8,"u":"8,00 €/L","img":"https://fd8-photos.leclercdrive.fr/image.ashx?id=1669982&use=l&cat=p&typeid=i","cat":284594},{"id":30781,"n":"Sacs poubelle 50L Eco+ x10","p":0.41,"u":"0,04 €/P","img":"https://fd8-photos.leclercdrive.fr/image.ashx?id=1904756&use=l&cat=p&typeid=i","cat":285168},{"id":30808,"n":"Coton-tiges Eco+ Tige papier x200 bâtonnets","p":0.34,"img":"https://fd8-photos.leclercdrive.fr/image.ashx?id=2940893&use=l&cat=p&typeid=i","cat":284636},{"id":30813,"n":"Crème adhésive Dentamyl Hypoallergénique 50g","p":2.99,"u":"59,80 €/KG","img":"https://fd8-photos.leclercdrive.fr/image.ashx?id=2486796&use=l&cat=p&typeid=i","cat":285158},{"id":30815,"n":"Dissolvant Eco+ 250ml","p":1.33,"u":"5,32 €/L","img":"https://fd8-photos.leclercdrive.fr/image.ashx?id=1873934&use=l&cat=p&typeid=i","cat":325347},{"id":30816,"n":"Film étirable Eco+ 50m","p":0.95,"img":"https://fd8-photos.leclercdrive.fr/image.ashx?id=2048995&use=l&cat=p&typeid=i","cat":334134},{"id":30850,"n":"Blanquette veau Côté Table Champignons 285g","p":2.2,"u":"7,72 €/KG","img":"https://fd8-photos.leclercdrive.fr/image.ashx?id=2064822&use=l&cat=p&typeid=i","cat":284953},{"id":30856,"n":"Emincés de poulet Tradilège Rôti - 2x75g","p":2.09,"u":"13,93 €/KG","img":"https://fd8-photos.leclercdrive.fr/image.ashx?id=2994366&use=l&cat=p&typeid=i","cat":316011},{"id":30881,"n":"Tortillas Old El Paso de maïs et blé x8 - 335g","p":2.45,"u":"7,31 €/KG","img":"https://fd8-photos.leclercdrive.fr/image.ashx?id=2738794&use=l&cat=p&typeid=i","cat":288993},{"id":30882,"n":"Bloc de fromage Leerdammer L'Original - 250g","p":3.39,"u":"13,56 €/KG","img":"https://fd8-photos.leclercdrive.fr/image.ashx?id=2146096&use=l&cat=p&typeid=i","cat":314034},{"id":30898,"n":"Gâteaux aux pépites chocolat x6 Chaque Jour Sans Gluten 230g","p":3.21,"u":"13,96 €/KG","img":"https://fd8-photos.leclercdrive.fr/image.ashx?id=2691249&use=l&cat=p&typeid=i","cat":318654},{"id":30905,"n":"Coquilles moelleuses x6 Chaque Jour Sans Gluten 180g","p":2.2,"u":"12,22 €/KG","img":"https://fd8-photos.leclercdrive.fr/image.ashx?id=2710792&use=l&cat=p&typeid=i","cat":318654},{"id":30910,"n":"Pain façon campagnard Chaque Jour Sans Gluten - 400g","p":4.0,"u":"10,00 €/KG","img":"https://fd8-photos.leclercdrive.fr/image.ashx?id=2710795&use=l&cat=p&typeid=i","cat":325069},{"id":30911,"n":"Pain précuit sans gluten Petites baguettes x2 - 150g","p":2.49,"u":"16,60 €/KG","img":"https://fd8-photos.leclercdrive.fr/image.ashx?id=2622019&use=l&cat=p&typeid=i","cat":325069},{"id":30916,"n":"Ciboulette Sainte Lucie Tubulaire - 5g","p":1.66,"u":"332,00 €/KG","img":"https://fd8-photos.leclercdrive.fr/image.ashx?id=2974336&use=l&cat=p&typeid=i","cat":298297},{"id":30917,"n":"Pâtes Escalope volaille Marie Crème champignons - 900g","p":4.94,"u":"5,49 €/KG","img":"https://fd8-photos.leclercdrive.fr/image.ashx?id=2996794&use=l&cat=p&typeid=i","cat":284254},{"id":30928,"n":"Fumet de poisson Rustica Déshydraté - 90g","p":2.05,"u":"22,78 €/KG","img":"https://fd8-photos.leclercdrive.fr/image.ashx?id=2849578&use=l&cat=p&typeid=i","cat":288379},{"id":30929,"n":"Tortillas chips Tables du Monde Nature - 200g","p":1.15,"u":"5,75 €/KG","img":"https://fd8-photos.leclercdrive.fr/image.ashx?id=2655695&use=l&cat=p&typeid=i","cat":288993},{"id":30932,"n":"Biscuits déli matin P'tit Déli  Chocolat allégé- 300g","p":1.88,"u":"6,27 €/KG","img":"https://fd8-photos.leclercdrive.fr/image.ashx?id=3001202&use=l&cat=p&typeid=i","cat":284491},{"id":30933,"n":"Biscuit chocolat noir Gerblé Sans Sucres Ajoutés - 126g","p":2.19,"u":"17,38 €/KG","img":"https://fd8-photos.leclercdrive.fr/image.ashx?id=2662799&use=l&cat=p&typeid=i","cat":318653},{"id":30935,"n":"Huile d'arachide Lesieur 2L","p":6.49,"u":"3,25 €/L","img":"https://fd8-photos.leclercdrive.fr/image.ashx?id=2136337&use=l&cat=p&typeid=i","cat":284453},{"id":30947,"n":"Pâtes Collezione Barilla Tagliatelle - 500g","p":1.4,"u":"2,80 €/KG","img":"https://fd8-photos.leclercdrive.fr/image.ashx?id=2654119&use=l&cat=p&typeid=i","cat":284427},{"id":30949,"n":"plat cuisiné quinoa tomates olives bio bjorg- 250g","p":1.74,"u":"6,96 €/KG","img":"https://fd8-photos.leclercdrive.fr/image.ashx?id=2854444&use=l&cat=p&typeid=i","cat":287600},{"id":30953,"n":"Couscous Grain Moyen Ferrero  - 500g","p":1.35,"u":"2,70 €/KG","img":"https://fd8-photos.leclercdrive.fr/image.ashx?id=2886777&use=l&cat=p&typeid=i","cat":284429},{"id":30969,"n":"Glace Cône Nestlé Extrême Sorbet fruits rouges x6 - 426g","p":3.22,"u":"7,56 €/KG","img":"https://fd8-photos.leclercdrive.fr/image.ashx?id=2729845&use=l&cat=p&typeid=i","cat":284264},{"id":30983,"n":"Filets de limande Pêche Océan Meunière - MSC - 400g","p":6.85,"u":"17,13 €/KG","img":"https://fd8-photos.leclercdrive.fr/image.ashx?id=2489122&use=l&cat=p&typeid=i","cat":319788},{"id":30989,"n":"Quiche lorraine Côté Table 2x150g","p":2.92,"u":"9,73 €/KG","img":"https://fd8-photos.leclercdrive.fr/image.ashx?id=2791770&use=l&cat=p&typeid=i","cat":284257},{"id":30995,"n":"Saucisse sèche Saint-Azay Aux noisettes - 250g","p":3.35,"u":"13,40 €/KG","img":"https://fd8-photos.leclercdrive.fr/image.ashx?id=2404145&use=l&cat=p&typeid=i","cat":316006},{"id":31002,"n":"Petit salé aux lentilles  William Saurin - 840g","p":6.25,"u":"7,44 €/KG","img":"https://fd8-photos.leclercdrive.fr/image.ashx?id=2904095&use=l&cat=p&typeid=i","cat":284441},{"id":31003,"n":"Jus de citron jaune 50cl","p":1.99,"u":"3,98 €/L","img":"https://fd8-photos.leclercdrive.fr/image.ashx?id=2656982&use=l&cat=p&typeid=i","cat":288383},{"id":31006,"n":"Oeillets Esquisse x336","p":0.74,"img":"https://fd8-photos.leclercdrive.fr/image.ashx?id=2131224&use=l&cat=p&typeid=i","cat":334133},{"id":31013,"n":"Bloc notes adhésif Esquisse 75x75mm - 4x100","p":2.15,"u":"0,54 €/P","img":"https://fd8-photos.leclercdrive.fr/image.ashx?id=1928836&use=l&cat=p&typeid=i","cat":334133},{"id":31018,"n":"Feuille de brick Tablier Blanc En rouleau - 90g","p":1.49,"u":"16,56 €/KG","img":"https://fd8-photos.leclercdrive.fr/image.ashx?id=2188688&use=l&cat=p&typeid=i","cat":333681},{"id":31019,"n":"Feuilles de lasagne Turini 350g","p":2.69,"u":"7,69 €/KG","img":"https://fd8-photos.leclercdrive.fr/image.ashx?id=2617371&use=l&cat=p&typeid=i","cat":333682},{"id":31021,"n":"Gnocchi Turini 800g","p":2.29,"u":"2,86 €/KG","img":"https://fd8-photos.leclercdrive.fr/image.ashx?id=2254529&use=l&cat=p&typeid=i","cat":333682},{"id":31022,"n":"Gnocchi à poêler Turini 500g","p":1.42,"u":"2,84 €/KG","img":"https://fd8-photos.leclercdrive.fr/image.ashx?id=2606822&use=l&cat=p&typeid=i","cat":333682},{"id":31023,"n":"Ravioli Ricotta épinards Bio  Bio village - 250g","p":2.99,"u":"11,96 €/KG","img":"https://fd8-photos.leclercdrive.fr/image.ashx?id=2650252&use=l&cat=p&typeid=i","cat":333682},{"id":31027,"n":"Cappuccino soluble Plantation nature - 280g","p":3.21,"u":"11,46 €/KG","img":"https://fd8-photos.leclercdrive.fr/image.ashx?id=2819274&use=l&cat=p&typeid=i","cat":284843},{"id":31029,"n":"Escalope Cordon Bleu Père Dodu  Dinde - Comté x2 - 200g","p":2.49,"u":"12,45 €/KG","img":"https://fd8-photos.leclercdrive.fr/image.ashx?id=2957179&use=l&cat=p&typeid=i","cat":333683},{"id":31035,"n":"Chips La classique Vico Nature - 135g","p":1.59,"u":"11,78 €/KG","img":"https://fd8-photos.leclercdrive.fr/image.ashx?id=2917801&use=l&cat=p&typeid=i","cat":284447},{"id":31037,"n":"Chips La classique Vico Nature - 270g","p":2.25,"u":"8,33 €/KG","img":"https://fd8-photos.leclercdrive.fr/image.ashx?id=2917804&use=l&cat=p&typeid=i","cat":284447},{"id":31044,"n":"Haricots verts Notre Jardin Extra fins - 5 Fagots - 220g","p":2.15,"u":"9,77 €/KG","img":"https://fd8-photos.leclercdrive.fr/image.ashx?id=2119133&use=l&cat=p&typeid=i","cat":312606},{"id":31046,"n":"Assortiment crackers Tokapi Emmental - 100g","p":0.64,"u":"6,40 €/KG","img":"https://fd8-photos.leclercdrive.fr/image.ashx?id=2034386&use=l&cat=p&typeid=i","cat":297000},{"id":31050,"n":"Biscuits pavot citron GERBLE  - 4x4  200g","p":1.73,"u":"8,65 €/KG","img":"https://fd8-photos.leclercdrive.fr/image.ashx?id=2967001&use=l&cat=p&typeid=i","cat":318651},{"id":31052,"n":"Biscuits figue et son GERBLE   - 5x5, 210g","p":1.63,"u":"7,76 €/KG","img":"https://fd8-photos.leclercdrive.fr/image.ashx?id=2662319&use=l&cat=p&typeid=i","cat":318651},{"id":31054,"n":"Bouillon Cube Maggi Vollaile - x12 cubes - 120g","p":1.66,"u":"13,83 €/KG","img":"https://fd8-photos.leclercdrive.fr/image.ashx?id=2736982&use=l&cat=p&typeid=i","cat":288379},{"id":31058,"n":"Pâtes Barilla Capellini n°1 - 500g","p":1.05,"u":"2,10 €/KG","img":"https://fd8-photos.leclercdrive.fr/image.ashx?id=2392194&use=l&cat=p&typeid=i","cat":284427},{"id":31079,"n":"Biscuits cookies bio bjorg  chocolat noisette - 200g","p":3.03,"u":"15,15 €/KG","img":"https://fd8-photos.leclercdrive.fr/image.ashx?id=2652215&use=l&cat=p&typeid=i","cat":325066},{"id":31084,"n":"Crackers Tokapi Sésame et pavot - 100g","p":0.69,"u":"6,90 €/KG","img":"https://fd8-photos.leclercdrive.fr/image.ashx?id=1921880&use=l&cat=p&typeid=i","cat":297000},{"id":31086,"n":"Capsules Nescafé Dolce Gusto  Lungo Décaféiné - x16","p":4.98,"u":"44,46 €/KG","img":"https://fd8-photos.leclercdrive.fr/image.ashx?id=2836676&use=l&cat=p&typeid=i","cat":293239},{"id":31088,"n":"Coeurs d'artichaut Notre Jardin 245g","p":3.49,"u":"14,24 €/KG","img":"https://fd8-photos.leclercdrive.fr/image.ashx?id=2607918&use=l&cat=p&typeid=i","cat":312611},{"id":31091,"n":"Croquettes chat Plénima Premium Poulet - Chat adulte - 450g","p":1.79,"u":"3,98 €/KG","img":"https://fd8-photos.leclercdrive.fr/image.ashx?id=1943379&use=l&cat=p&typeid=i","cat":284680},{"id":31095,"n":"Filets maquereaux Pêche Océan Citron olives - 176g","p":1.78,"u":"10,11 €/KG","img":"https://fd8-photos.leclercdrive.fr/image.ashx?id=2515679&use=l&cat=p&typeid=i","cat":303868},{"id":31098,"n":"Capsules Nescafé Dolce Gusto  Café au Lait - x16","p":4.79,"u":"29,94 €/KG","img":"https://fd8-photos.leclercdrive.fr/image.ashx?id=2946637&use=l&cat=p&typeid=i","cat":293239},{"id":31105,"n":"Gaufrettes P'tit Déli Praliné noisette x15 110g","p":0.87,"u":"7,91 €/KG","img":"https://fd8-photos.leclercdrive.fr/image.ashx?id=2418245&use=l&cat=p&typeid=i","cat":284488},{"id":31106,"n":"Gaufrettes P'tit Déli Chocolat x15 110g","p":1.1,"u":"10,00 €/KG","img":"https://fd8-photos.leclercdrive.fr/image.ashx?id=2436020&use=l&cat=p&typeid=i","cat":284488},{"id":31107,"n":"Gâteau P'tit Déli Tout chocolat 300g","p":2.15,"u":"7,17 €/KG","img":"https://fd8-photos.leclercdrive.fr/image.ashx?id=2562707&use=l&cat=p&typeid=i","cat":294776},{"id":31109,"n":"Gaufrettes P'tit Déli Framboise 160g","p":1.47,"u":"9,19 €/KG","img":"https://fd8-photos.leclercdrive.fr/image.ashx?id=2915290&use=l&cat=p&typeid=i","cat":284489},{"id":31110,"n":"Bonbons Confiséo Acacia assortiment fruit - 300g","p":1.91,"u":"6,37 €/KG","img":"https://fd8-photos.leclercdrive.fr/image.ashx?id=2934679&use=l&cat=p&typeid=i","cat":304252},{"id":31115,"n":"Galettes Bjorg Epeautre son d'avoine bio 130g","p":1.24,"u":"9,54 €/KG","img":"https://fd8-photos.leclercdrive.fr/image.ashx?id=2972976&use=l&cat=p&typeid=i","cat":318651},{"id":31116,"n":"Pâtes bio Jardin Bio' Tire-bouchon semi-complet  500g","p":1.19,"u":"2,38 €/KG","img":"https://fd8-photos.leclercdrive.fr/image.ashx?id=2961116&use=l&cat=p&typeid=i","cat":284427},{"id":31118,"n":"Madeleines P'tit Déli Coquilles 250g","p":0.99,"u":"3,96 €/KG","img":"https://fd8-photos.leclercdrive.fr/image.ashx?id=2999499&use=l&cat=p&typeid=i","cat":284492},{"id":31119,"n":"Tartelettes P'tit Déli Chocolat noisettes - 150g","p":1.29,"u":"8,60 €/KG","img":"https://fd8-photos.leclercdrive.fr/image.ashx?id=2345556&use=l&cat=p&typeid=i","cat":284488},{"id":31132,"n":"Tartine croustillante Epi d'Or Céréales - 250g","p":1.41,"u":"5,64 €/KG","img":"https://fd8-photos.leclercdrive.fr/image.ashx?id=2535256&use=l&cat=p&typeid=i","cat":284479},{"id":31133,"n":"Tartine croustillante Epi d'Or Seigle - 250g","p":1.29,"u":"5,16 €/KG","img":"https://fd8-photos.leclercdrive.fr/image.ashx?id=2533325&use=l&cat=p&typeid=i","cat":284479},{"id":31135,"n":"Terrine de lapin Côté Table A la moutarde - 180g","p":2.49,"u":"13,83 €/KG","img":"https://fd8-photos.leclercdrive.fr/image.ashx?id=2476125&use=l&cat=p&typeid=i","cat":305149},{"id":31136,"n":"Pâtes Torti Panzani 3 Minutes - 1Kg","p":2.65,"u":"2,65 €/KG","img":"https://fd8-photos.leclercdrive.fr/image.ashx?id=2896099&use=l&cat=p&typeid=i","cat":284427},{"id":31139,"n":"Tortillas chips Tables du Monde Chili - 200g","p":1.39,"u":"6,95 €/KG","img":"https://fd8-photos.leclercdrive.fr/image.ashx?id=2661544&use=l&cat=p&typeid=i","cat":288993},{"id":31143,"n":"Lait concentré sucré Délisse 397g","p":1.35,"u":"3,40 €/KG","img":"https://fd8-photos.leclercdrive.fr/image.ashx?id=2576588&use=l&cat=p&typeid=i","cat":299162},{"id":31146,"n":"Madeleines P'tit Déli Longues fourrées 240g","p":2.35,"u":"9,79 €/KG","img":"https://fd8-photos.leclercdrive.fr/image.ashx?id=2754204&use=l&cat=p&typeid=i","cat":284492},{"id":31149,"n":"Les p'tites spirales P'tit Déli Fraise 150g","p":1.55,"u":"10,33 €/KG","img":"https://fd8-photos.leclercdrive.fr/image.ashx?id=2660419&use=l&cat=p&typeid=i","cat":284495},{"id":31156,"n":"Café Soluble Nescafé x25 - 50g","p":2.06,"u":"41,20 €/KG","img":"https://fd8-photos.leclercdrive.fr/image.ashx?id=2485131&use=l&cat=p&typeid=i","cat":284843},{"id":31166,"n":"Pousses d'haricots  Bio Village Haricots Mungo Bio - 175g","p":1.34,"u":"7,66 €/KG","img":"https://fd8-photos.leclercdrive.fr/image.ashx?id=2573214&use=l&cat=p&typeid=i","cat":312611},{"id":31174,"n":"Pâtes penne rigate Panzani 1kg","p":2.12,"u":"2,12 €/KG","img":"https://fd8-photos.leclercdrive.fr/image.ashx?id=2876020&use=l&cat=p&typeid=i","cat":284427},{"id":31178,"n":"Pois apéritif Tanoshi wasabi - sachet 100g","p":1.39,"u":"13,90 €/KG","img":"https://fd8-photos.leclercdrive.fr/image.ashx?id=2928522&use=l&cat=p&typeid=i","cat":288992},{"id":31183,"n":"Pain campagnard Schar 240g","p":3.49,"u":"14,54 €/KG","img":"https://fd8-photos.leclercdrive.fr/image.ashx?id=2267978&use=l&cat=p&typeid=i","cat":325069},{"id":31191,"n":"Riz sushi Tanoshi 450g","p":1.81,"u":"4,02 €/KG","img":"https://fd8-photos.leclercdrive.fr/image.ashx?id=2955788&use=l&cat=p&typeid=i","cat":288992},{"id":31193,"n":"Biscuit apéritif ancel Bretzels Sticks - 200g","p":1.15,"u":"5,75 €/KG","img":"https://fd8-photos.leclercdrive.fr/image.ashx?id=2895178&use=l&cat=p&typeid=i","cat":297000},{"id":31200,"n":"AOP Bordeaux rouge Baron de Lestac - BIB 3L","p":16.19,"u":"5,40 €/L","img":"https://fd8-photos.leclercdrive.fr/image.ashx?id=2420910&use=l&cat=p&typeid=i","cat":289560},{"id":31211,"n":"Grana Padano AOP Casa Azzurra Râpé -  100g","p":2.21,"u":"22,10 €/KG","img":"https://fd8-photos.leclercdrive.fr/image.ashx?id=2284730&use=l&cat=p&typeid=i","cat":314035},{"id":31223,"n":"Bain Dissolvant Inell Bain sans acétone - 75ml","p":3.99,"u":"53,20 €/L","img":"https://fd8-photos.leclercdrive.fr/image.ashx?id=2244820&use=l&cat=p&typeid=i","cat":325347},{"id":31265,"n":"Friandises chats Félix Original  Party mix - 60g","p":0.86,"u":"14,33 €/KG","img":"https://fd8-photos.leclercdrive.fr/image.ashx?id=2683346&use=l&cat=p&typeid=i","cat":285285},{"id":31266,"n":"Friandises chats Félix Grillade - 60g","p":0.86,"u":"14,33 €/KG","img":"https://fd8-photos.leclercdrive.fr/image.ashx?id=2336614&use=l&cat=p&typeid=i","cat":285285},{"id":31267,"n":"Friandises chats Félix Saveur océane Party mix  - 60g","p":0.86,"u":"14,33 €/KG","img":"https://fd8-photos.leclercdrive.fr/image.ashx?id=2910210&use=l&cat=p&typeid=i","cat":285285},{"id":31289,"n":"Emmental râpé Entremont 3x70g","p":2.45,"u":"11,67 €/KG","img":"https://fd8-photos.leclercdrive.fr/image.ashx?id=2983150&use=l&cat=p&typeid=i","cat":314035},{"id":31297,"n":"Fromage crémeux Les Croisés 36%mg - 200g","p":2.43,"u":"12,15 €/KG","img":"https://fd8-photos.leclercdrive.fr/image.ashx?id=2037379&use=l&cat=p&typeid=i","cat":329558},{"id":31301,"n":"Steak haché Férial  15%mg - X10 - 1kg","p":11.9,"u":"11,90 €/KG","img":"https://fd8-photos.leclercdrive.fr/image.ashx?id=3004657&use=l&cat=p&typeid=i","cat":319778},{"id":31359,"n":"Eau nettoyante Mixa Expert Apaisante - 2x200ml","p":5.41,"u":"13,53 €/L","img":"https://fd8-photos.leclercdrive.fr/image.ashx?id=2928429&use=l&cat=p&typeid=i","cat":284603},{"id":31389,"n":"Menus gourmands Tous mes amis pour chatons - 12x100g","p":4.29,"u":"3,58 €/KG","img":"https://fd8-photos.leclercdrive.fr/image.ashx?id=2027595&use=l&cat=p&typeid=i","cat":285286},{"id":31414,"n":"Pâtes Alpina Savoie Chanterelles Crozets - 400g","p":3.35,"u":"8,38 €/KG","img":"https://fd8-photos.leclercdrive.fr/image.ashx?id=2795063&use=l&cat=p&typeid=i","cat":284427},{"id":31441,"n":"Plat bébé Blédina 12 mois  Courgette riz veau - 2x200g","p":2.37,"u":"5,93 €/KG","img":"https://fd8-photos.leclercdrive.fr/image.ashx?id=2975074&use=l&cat=p&typeid=i","cat":312237},{"id":31447,"n":"Tablette Chocolat Lait Crunch Céréales Croustillantes 2x100g","p":2.75,"u":"13,75 €/KG","img":"https://fd8-photos.leclercdrive.fr/image.ashx?id=2899740&use=l&cat=p&typeid=i","cat":284497},{"id":31458,"n":"Moutarde de Dijon Rustica  Fine et forte - 160g","p":0.95,"u":"5,94 €/KG","img":"https://fd8-photos.leclercdrive.fr/image.ashx?id=2954367&use=l&cat=p&typeid=i","cat":288850},{"id":31641,"n":"Poulet basquaise Côté Table Riz 285g","p":1.81,"u":"6,35 €/KG","img":"https://fd8-photos.leclercdrive.fr/image.ashx?id=2476149&use=l&cat=p&typeid=i","cat":284953},{"id":31652,"n":"Beurre Tendre Elle&Vire Doux - 82% MG - 250g","p":2.99,"u":"11,96 €/KG","img":"https://fd8-photos.leclercdrive.fr/image.ashx?id=2574374&use=l&cat=p&typeid=i","cat":284379},{"id":31656,"n":"Cornichons Rustica Aigre Doux - 360g","p":1.63,"u":"4,53 €/KG","img":"https://fd8-photos.leclercdrive.fr/image.ashx?id=2916698&use=l&cat=p&typeid=i","cat":284458},{"id":31659,"n":"Sirop La Maison Guiot Cerise - 70cl","p":3.75,"u":"5,36 €/L","img":"https://fd8-photos.leclercdrive.fr/image.ashx?id=2857201&use=l&cat=p&typeid=i","cat":295020},{"id":31660,"n":"Sirop La Maison Guiot Fraise des bois - 70cl","p":4.09,"u":"5,84 €/L","img":"https://fd8-photos.leclercdrive.fr/image.ashx?id=2857207&use=l&cat=p&typeid=i","cat":295020},{"id":31661,"n":"Sirop La Maison Guiot Pêche blanche - 70cl","p":3.77,"u":"5,39 €/L","img":"https://fd8-photos.leclercdrive.fr/image.ashx?id=2857198&use=l&cat=p&typeid=i","cat":295020},{"id":31662,"n":"Sirop La Maison Guiot Mûre / Cassis - 70cl","p":3.99,"u":"5,70 €/L","img":"https://fd8-photos.leclercdrive.fr/image.ashx?id=2857186&use=l&cat=p&typeid=i","cat":295020},{"id":31680,"n":"Lingettes bébé Mots d'Enfants Ultra-douces - x24","p":1.25,"u":"0,05 €/P","img":"https://fd8-photos.leclercdrive.fr/image.ashx?id=2856501&use=l&cat=p&typeid=i","cat":284738},{"id":31682,"n":"Sachet repas chat Tous mes amis Viande en sauces - 4x100g","p":1.49,"u":"3,73 €/KG","img":"https://fd8-photos.leclercdrive.fr/image.ashx?id=2043005&use=l&cat=p&typeid=i","cat":285286},{"id":31709,"n":"Viande boeuf séchée Saint Azay 10 tranches - 80g","p":3.78,"u":"47,25 €/KG","img":"https://fd8-photos.leclercdrive.fr/image.ashx?id=2979568&use=l&cat=p&typeid=i","cat":316007},{"id":31710,"n":"Tiramisu Délisse 500g","p":2.99,"u":"5,98 €/KG","img":"https://fd8-photos.leclercdrive.fr/image.ashx?id=2415556&use=l&cat=p&typeid=i","cat":284419},{"id":31714,"n":"Pur jus de pomme Bio Village Bio - 6x20cl","p":3.25,"u":"2,71 €/L","img":"https://fd8-photos.leclercdrive.fr/image.ashx?id=2077442&use=l&cat=p&typeid=i","cat":284524},{"id":31717,"n":"Parmigiano Reg AOP Casa Azzurra Râpé -  60g","p":1.57,"u":"26,17 €/KG","img":"https://fd8-photos.leclercdrive.fr/image.ashx?id=2261951&use=l&cat=p&typeid=i","cat":314035},{"id":31724,"n":"Boisson Jafaden Cranberry Myrtille - 1L","p":1.77,"u":"1,77 €/L","img":"https://fd8-photos.leclercdrive.fr/image.ashx?id=2591403&use=l&cat=p&typeid=i","cat":284915},{"id":31725,"n":"Boisson énergisante X-tense Canette - 4x50cl","p":3.12,"u":"1,56 €/L","img":"https://fd8-photos.leclercdrive.fr/image.ashx?id=2956068&use=l&cat=p&typeid=i","cat":284533},{"id":31728,"n":"Jus de pomme Jafaden Nectar - 2L","p":2.15,"u":"1,08 €/L","img":"https://fd8-photos.leclercdrive.fr/image.ashx?id=2956077&use=l&cat=p&typeid=i","cat":284522},{"id":31729,"n":"Jus de pomme Jafaden A base de concentré - 1L","p":0.95,"u":"0,95 €/L","img":"https://fd8-photos.leclercdrive.fr/image.ashx?id=2550842&use=l&cat=p&typeid=i","cat":284522},{"id":31730,"n":"Pur jus de pomme Jafaden 1L","p":0.99,"u":"0,99 €/L","img":"https://fd8-photos.leclercdrive.fr/image.ashx?id=1936638&use=l&cat=p&typeid=i","cat":284522},{"id":31731,"n":"Thé glacé Fresh Tea Pêche - 1L","p":1.03,"u":"1,03 €/L","img":"https://fd8-photos.leclercdrive.fr/image.ashx?id=2622251&use=l&cat=p&typeid=i","cat":295019},{"id":31733,"n":"Pur jus multifruits Jafaden 1L","p":1.39,"u":"1,39 €/L","img":"https://fd8-photos.leclercdrive.fr/image.ashx?id=2890006&use=l&cat=p&typeid=i","cat":284917},{"id":31735,"n":"Nectar multifruits Jafaden 1L","p":1.75,"u":"1,75 €/L","img":"https://fd8-photos.leclercdrive.fr/image.ashx?id=2956089&use=l&cat=p&typeid=i","cat":284917},{"id":31736,"n":"Nectar Jafaden Goyave - 1L","p":2.08,"u":"2,08 €/L","img":"https://fd8-photos.leclercdrive.fr/image.ashx?id=2956095&use=l&cat=p&typeid=i","cat":284916},{"id":31737,"n":"Nectar Jafaden Passion - 1L","p":2.71,"u":"2,71 €/L","img":"https://fd8-photos.leclercdrive.fr/image.ashx?id=2959602&use=l&cat=p&typeid=i","cat":284916},{"id":31830,"n":"Sachet repas chat Tous mes amis Viande en sauce - 12x100g","p":3.65,"u":"3,04 €/KG","img":"https://fd8-photos.leclercdrive.fr/image.ashx?id=2677077&use=l&cat=p&typeid=i","cat":285286},{"id":31899,"n":"Huile OPTIMA Tramier  1L","p":5.9,"u":"5,90 €/L","img":"https://fd8-photos.leclercdrive.fr/image.ashx?id=2680407&use=l&cat=p&typeid=i","cat":284453},{"id":31915,"n":"Mayonnaise à la moutarde de Dij  de Dijon Rustica - 235 g","p":1.25,"u":"5,32 €/KG","img":"https://fd8-photos.leclercdrive.fr/image.ashx?id=2954355&use=l&cat=p&typeid=i","cat":298295},{"id":31918,"n":"Sucre Tablier Blanc En morceaux - 1kg","p":1.99,"u":"1,99 €/KG","img":"https://fd8-photos.leclercdrive.fr/image.ashx?id=3010425&use=l&cat=p&typeid=i","cat":284502},{"id":31920,"n":"Matière grasse Rustica à tartiner 50%MG Omega 3 - 500g","p":1.98,"u":"3,96 €/KG","img":"https://fd8-photos.leclercdrive.fr/image.ashx?id=1585635&use=l&cat=p&typeid=i","cat":315229},{"id":31924,"n":"Déodorant bille Manava Peaux sensibles 50ml","p":1.15,"u":"23,00 €/L","img":"https://fd8-photos.leclercdrive.fr/image.ashx?id=2481222&use=l&cat=p&typeid=i","cat":284595},{"id":31933,"n":"Laque Iroise Fixation forte 300ml","p":1.95,"u":"6,50 €/L","img":"https://fd8-photos.leclercdrive.fr/image.ashx?id=2930346&use=l&cat=p&typeid=i","cat":284609},{"id":31934,"n":"Spray coiffant Vitanove Fixation forte - 250ml","p":1.19,"u":"4,76 €/L","img":"https://fd8-photos.leclercdrive.fr/image.ashx?id=2042993&use=l&cat=p&typeid=i","cat":284609},{"id":31935,"n":"Spray coiffant Vitanove Fixation extra forte - 250ml","p":1.39,"u":"5,56 €/L","img":"https://fd8-photos.leclercdrive.fr/image.ashx?id=2042996&use=l&cat=p&typeid=i","cat":284609},{"id":31936,"n":"Spray coiffant Vitanove Fixation extrême - 250ml","p":1.43,"u":"5,72 €/L","img":"https://fd8-photos.leclercdrive.fr/image.ashx?id=2331703&use=l&cat=p&typeid=i","cat":284609},{"id":31937,"n":"Laque Vitanove Fixation normale 300ml","p":1.95,"u":"6,50 €/L","img":"https://fd8-photos.leclercdrive.fr/image.ashx?id=2616739&use=l&cat=p&typeid=i","cat":284609},{"id":31941,"n":"IGP Ardèche rouge Pont d'Arc 13.5% vol - BIB 5L","p":12.99,"u":"2,60 €/L","img":"https://fd8-photos.leclercdrive.fr/image.ashx?id=2527913&use=l&cat=p&typeid=i","cat":289560},{"id":31965,"n":"Nettoyant spray Clair Cuisine et salle de bain 750ml","p":1.49,"u":"1,99 €/L","img":"https://fd8-photos.leclercdrive.fr/image.ashx?id=2466151&use=l&cat=p&typeid=i","cat":325357},{"id":31967,"n":"Gel nettoyant Clair Anticalcaire - 500ml","p":1.26,"u":"2,52 €/L","img":"https://fd8-photos.leclercdrive.fr/image.ashx?id=2634872&use=l&cat=p&typeid=i","cat":325362},{"id":31968,"n":"Crème Dépilatoire Siliss Sous la douche - 250ml","p":3.39,"u":"13,56 €/L","img":"https://fd8-photos.leclercdrive.fr/image.ashx?id=2842286&use=l&cat=p&typeid=i","cat":325351},{"id":31970,"n":"Soin visage Carré Homme Anti-âge anti-fatigue Q10- 50ml","p":3.7,"u":"74,00 €/L","img":"https://fd8-photos.leclercdrive.fr/image.ashx?id=2809689&use=l&cat=p&typeid=i","cat":284622},{"id":31976,"n":"Sucre vanillé bio Bio Village 6x7.5g","p":1.85,"u":"41,11 €/KG","img":"https://fd8-photos.leclercdrive.fr/image.ashx?id=2895801&use=l&cat=p&typeid=i","cat":294686},{"id":31981,"n":"Couches bébé Mots d'Enfants T4+ Ultra confort - 9/20kg - x24","p":5.8,"u":"0,24 €/P","img":"https://fd8-photos.leclercdrive.fr/image.ashx?id=2699459&use=l&cat=p&typeid=i","cat":284737},{"id":31982,"n":"Couches bébé Mots d'Enfants -T5 Ultra confort - 11/25kg - x23","p":5.66,"u":"0,25 €/P","img":"https://fd8-photos.leclercdrive.fr/image.ashx?id=2699462&use=l&cat=p&typeid=i","cat":284737},{"id":31983,"n":"Cidre rosé Les Goelleries 2.5%vol. - 75cl","p":2.29,"u":"3,05 €/L","img":"https://fd8-photos.leclercdrive.fr/image.ashx?id=2842295&use=l&cat=p&typeid=i","cat":334880},{"id":31985,"n":"Couches bébé Mots d'Enfants -T4 Ultra confort - 7/18kg - x26","p":5.55,"u":"0,21 €/P","img":"https://fd8-photos.leclercdrive.fr/image.ashx?id=2699456&use=l&cat=p&typeid=i","cat":284737},{"id":31988,"n":"Sachet repas chat Tous mes amis Poissons en gelée - 4x100g","p":1.33,"u":"3,33 €/KG","img":"https://fd8-photos.leclercdrive.fr/image.ashx?id=2043002&use=l&cat=p&typeid=i","cat":285286},{"id":32058,"n":"Amandes Tokapi Fumé - 125g","p":2.69,"u":"21,52 €/KG","img":"https://fd8-photos.leclercdrive.fr/image.ashx?id=2795556&use=l&cat=p&typeid=i","cat":284448},{"id":32059,"n":"Sachet repas chat Tous mes amis Viande en geléé - 12x100g","p":3.65,"u":"3,04 €/KG","img":"https://fd8-photos.leclercdrive.fr/image.ashx?id=2027598&use=l&cat=p&typeid=i","cat":285286},{"id":32064,"n":"Mousse à raser Carré Homme Sensible - 250ml","p":1.39,"u":"5,56 €/L","img":"https://fd8-photos.leclercdrive.fr/image.ashx?id=2704681&use=l&cat=p&typeid=i","cat":284617},{"id":32065,"n":"Couches bébé Mots d'Enfants T4 Douceur - 7/18kg - x74 changes","p":10.6,"u":"0,14 €/P","img":"https://fd8-photos.leclercdrive.fr/image.ashx?id=2907192&use=l&cat=p&typeid=i","cat":284737},{"id":32098,"n":"Biscuits Dinosaurus Lotus  Chocolat noir - 225g","p":2.19,"u":"9,73 €/KG","img":"https://fd8-photos.leclercdrive.fr/image.ashx?id=2859812&use=l&cat=p&typeid=i","cat":284488},{"id":32103,"n":"Goûter laitier Récré O'Lé Gourdes Chocolat - 4x85g","p":1.79,"u":"5,26 €/KG","img":"https://fd8-photos.leclercdrive.fr/image.ashx?id=3008824&use=l&cat=p&typeid=i","cat":284506},{"id":32104,"n":"Goûter laitier Récré O'Lé Gourdes Saveur Vanille - 4x85g","p":1.79,"u":"5,26 €/KG","img":"https://fd8-photos.leclercdrive.fr/image.ashx?id=3008827&use=l&cat=p&typeid=i","cat":284506},{"id":32125,"n":"Mélange Fruité Tokapi Fruits et graines - 110g","p":1.65,"u":"15,00 €/KG","img":"https://fd8-photos.leclercdrive.fr/image.ashx?id=2794003&use=l&cat=p&typeid=i","cat":284448},{"id":32129,"n":"AOC Entre-Deux-Mers vin blanc Chantet Blanet - BIB 3L","p":12.99,"u":"4,33 €/L","img":"https://fd8-photos.leclercdrive.fr/image.ashx?id=2895783&use=l&cat=p&typeid=i","cat":289560},{"id":32183,"n":"Couches bébé Mots d'Enfants T4+ Douceur - 9/20kg - x70 changes","p":10.8,"u":"0,15 €/P","img":"https://fd8-photos.leclercdrive.fr/image.ashx?id=2904574&use=l&cat=p&typeid=i","cat":284737},{"id":32186,"n":"Couches bébé Mots d'Enfants T5 Douceur - 11/25kg - x66","p":10.7,"u":"0,16 €/P","img":"https://fd8-photos.leclercdrive.fr/image.ashx?id=2907195&use=l&cat=p&typeid=i","cat":284737},{"id":32202,"n":"Couches bébé Mots d'Enfants T3 Douceur - 4/9kg - x90 changes","p":11.4,"u":"0,13 €/P","img":"https://fd8-photos.leclercdrive.fr/image.ashx?id=2904571&use=l&cat=p&typeid=i","cat":284737},{"id":32213,"n":"Bacon fumé Herta Barquette 100g","p":2.29,"u":"22,90 €/KG","img":"https://fd8-photos.leclercdrive.fr/image.ashx?id=2876236&use=l&cat=p&typeid=i","cat":316011},{"id":32216,"n":"Sandwich XXL Daunat Poulet rôti Mayonnaise - 230g","p":2.69,"u":"11,70 €/KG","img":"https://fd8-photos.leclercdrive.fr/image.ashx?id=2892706&use=l&cat=p&typeid=i","cat":333658},{"id":32217,"n":"Sandwich XXL Daunat Thon Oeuf Crudités - 230g","p":2.65,"u":"11,52 €/KG","img":"https://fd8-photos.leclercdrive.fr/image.ashx?id=2892697&use=l&cat=p&typeid=i","cat":333658},{"id":32255,"n":"Déodorant Manava Pierre d'alun/Aloé véra - 200ml","p":1.44,"u":"7,20 €/L","img":"https://fd8-photos.leclercdrive.fr/image.ashx?id=2710494&use=l&cat=p&typeid=i","cat":284595},{"id":32258,"n":"Couches bébé Mots d'Enfants -T3 Ultra confort - 4/9kg - x29","p":5.99,"u":"0,21 €/P","img":"https://fd8-photos.leclercdrive.fr/image.ashx?id=2699453&use=l&cat=p&typeid=i","cat":284737},{"id":32267,"n":"Emmental fromage rapé Les Croisés - 325g","p":2.65,"u":"8,15 €/KG","img":"https://fd8-photos.leclercdrive.fr/image.ashx?id=2805027&use=l&cat=p&typeid=i","cat":314035},{"id":32268,"n":"Bûche de chèvre Les Croisés Non affiné 19%mg - 150g","p":1.89,"u":"12,60 €/KG","img":"https://fd8-photos.leclercdrive.fr/image.ashx?id=2919613&use=l&cat=p&typeid=i","cat":314031},{"id":32286,"n":"Papillons d'Alsace NRT 250g","p":1.39,"u":"5,56 €/KG","img":"https://fd8-photos.leclercdrive.fr/image.ashx?id=2839992&use=l&cat=p&typeid=i","cat":284427},{"id":32291,"n":"Bonbons sans sucres Confiséo Aux plantes - 150g","p":2.49,"u":"16,60 €/KG","img":"https://fd8-photos.leclercdrive.fr/image.ashx?id=2934700&use=l&cat=p&typeid=i","cat":304252},{"id":32293,"n":"Sucre de canne Tablier Blanc Cassonade 750g","p":1.55,"u":"2,07 €/KG","img":"https://fd8-photos.leclercdrive.fr/image.ashx?id=2501676&use=l&cat=p&typeid=i","cat":284502},{"id":32301,"n":"Biscuit Petit beurre P'tit Déli Tablette chocolat blanc - 150g","p":1.49,"u":"9,93 €/KG","img":"https://fd8-photos.leclercdrive.fr/image.ashx?id=2970738&use=l&cat=p&typeid=i","cat":284488},{"id":32304,"n":"Aubergines Notre Jardin Grillées 600g","p":3.49,"u":"5,82 €/KG","img":"https://fd8-photos.leclercdrive.fr/image.ashx?id=2255307&use=l&cat=p&typeid=i","cat":319805},{"id":32307,"n":"Le Rossignol Les Croisés 29%mg - 250g","p":2.16,"u":"8,64 €/KG","img":"https://fd8-photos.leclercdrive.fr/image.ashx?id=2343100&use=l&cat=p&typeid=i","cat":329558},{"id":32316,"n":"Gin Brighton's London Dry 37.5%vol - 1L","p":15.69,"u":"15,69 €/L","img":"https://fd8-photos.leclercdrive.fr/image.ashx?id=2907189&use=l&cat=p&typeid=i","cat":284550},{"id":32319,"n":"Pétillant Gibus Pomme pêche sans alcool 75cl","p":2.45,"u":"3,27 €/L","img":"https://fd8-photos.leclercdrive.fr/image.ashx?id=1887592&use=l&cat=p&typeid=i","cat":289460},{"id":32320,"n":"AOC Champagne Blanc de Blancs Brut Pol Carson - 75cl","p":21.99,"u":"29,32 €/L","img":"https://fd8-photos.leclercdrive.fr/image.ashx?id=2909894&use=l&cat=p&typeid=i","cat":284542},{"id":32322,"n":"AOC Crémant de Limoux brut rosé Prieur Barsanne - 75cl","p":5.75,"u":"7,67 €/L","img":"https://fd8-photos.leclercdrive.fr/image.ashx?id=2709665&use=l&cat=p&typeid=i","cat":284545},{"id":32335,"n":"100% Pur jus d'orange Jafaden Très pulpé - 1L","p":2.61,"u":"2,61 €/L","img":"https://fd8-photos.leclercdrive.fr/image.ashx?id=2869272&use=l&cat=p&typeid=i","cat":284521},{"id":32339,"n":"Sirop Frucci Pamplemousse Rose - 75cl","p":3.65,"u":"4,87 €/L","img":"https://fd8-photos.leclercdrive.fr/image.ashx?id=2878594&use=l&cat=p&typeid=i","cat":295020},{"id":32352,"n":"Emmental fromage râpé bio Bio village - 200g","p":2.31,"u":"11,55 €/KG","img":"https://fd8-photos.leclercdrive.fr/image.ashx?id=1972558&use=l&cat=p&typeid=i","cat":314035},{"id":32353,"n":"Mozzarella Les Croisés - 3x125g","p":2.75,"u":"7,33 €/KG","img":"https://fd8-photos.leclercdrive.fr/image.ashx?id=2130008&use=l&cat=p&typeid=i","cat":314026},{"id":32357,"n":"Yaourts en gourde Délisse 3 Abricots + 3 Fraises - 6x90g","p":2.89,"u":"5,35 €/KG","img":"https://fd8-photos.leclercdrive.fr/image.ashx?id=2699565&use=l&cat=p&typeid=i","cat":284415},{"id":32371,"n":"Petits pots  Babybio Bio Carotte quinoa - 8mois 2x200g","p":2.51,"u":"6,28 €/KG","img":"https://fd8-photos.leclercdrive.fr/image.ashx?id=2834512&use=l&cat=p&typeid=i","cat":312239},{"id":32372,"n":"Petits pots Babybio Bio Légumes veau - 8 mois 2x200g","p":2.84,"u":"7,10 €/KG","img":"https://fd8-photos.leclercdrive.fr/image.ashx?id=2838308&use=l&cat=p&typeid=i","cat":312236},{"id":32373,"n":"Petits pots Babybio Bio Légume canard - 8mois 2x200g","p":3.23,"u":"16,15 €/KG","img":"https://fd8-photos.leclercdrive.fr/image.ashx?id=2912200&use=l&cat=p&typeid=i","cat":312236},{"id":32380,"n":"Farine de blé Eco+ 1kg","p":0.54,"u":"0,54 €/KG","img":"https://fd8-photos.leclercdrive.fr/image.ashx?id=720217&use=l&cat=p&typeid=i","cat":284503},{"id":32385,"n":"Asperges blanches très grosses En bocal - 395G","p":5.45,"u":"13,80 €/KG","img":"https://fd8-photos.leclercdrive.fr/image.ashx?id=2049013&use=l&cat=p&typeid=i","cat":312611},{"id":32386,"n":"Mélange forestier Notre Jardin 225g","p":2.57,"u":"11,42 €/KG","img":"https://fd8-photos.leclercdrive.fr/image.ashx?id=2804329&use=l&cat=p&typeid=i","cat":312612},{"id":32387,"n":"Ratatouille Notre Jardin A la provençale - 375g","p":1.06,"u":"2,83 €/KG","img":"https://fd8-photos.leclercdrive.fr/image.ashx?id=2526294&use=l&cat=p&typeid=i","cat":312612},{"id":32388,"n":"Maïs Notre Jardin Aux 2 poivrons - 270g","p":1.19,"u":"4,41 €/KG","img":"https://fd8-photos.leclercdrive.fr/image.ashx?id=2988057&use=l&cat=p&typeid=i","cat":312611},{"id":32389,"n":"Cuisse poulet blanc Volandrie x2 - 500g","p":2.85,"u":"5,70 €/KG","img":"https://fd8-photos.leclercdrive.fr/image.ashx?id=2647880&use=l&cat=p&typeid=i","cat":284336},{"id":32390,"n":"Cuisse poulet jaune Volandrie x2 - 500g","p":2.85,"u":"5,70 €/KG","img":"https://fd8-photos.leclercdrive.fr/image.ashx?id=2804187&use=l&cat=p&typeid=i","cat":284336},{"id":32393,"n":"Filet de poulet St Charmin Blanc Val de Loire x2 - 240g","p":5.49,"u":"22,88 €/KG","img":"https://fd8-photos.leclercdrive.fr/image.ashx?id=1921506&use=l&cat=p&typeid=i","cat":284336},{"id":32422,"n":"Poulet rôti Purée à l'ancienne La Cuisine d'Océane 300g","p":2.19,"u":"7,30 €/KG","img":"https://fd8-photos.leclercdrive.fr/image.ashx?id=2962377&use=l&cat=p&typeid=i","cat":284953},{"id":32423,"n":"Sauté de porc Pommes de terre La Cuisine d'Océane 300g","p":2.25,"u":"7,50 €/KG","img":"https://fd8-photos.leclercdrive.fr/image.ashx?id=2962380&use=l&cat=p&typeid=i","cat":284953},{"id":32452,"n":"Lait de montagne Délisse UHT Bouteille -  6x1L","p":6.66,"u":"1,11 €/L","img":"https://fd8-photos.leclercdrive.fr/image.ashx?id=2929937&use=l&cat=p&typeid=i","cat":284377},{"id":32453,"n":"Lait de montagne Délisse Brique UHT -  6x1L","p":6.54,"u":"1,09 €/L","img":"https://fd8-photos.leclercdrive.fr/image.ashx?id=2366289&use=l&cat=p&typeid=i","cat":284377},{"id":32478,"n":"Fruits rouges Fruistar 650g","p":4.72,"u":"7,26 €/KG","img":"https://fd8-photos.leclercdrive.fr/image.ashx?id=2072629&use=l&cat=p&typeid=i","cat":284268},{"id":32492,"n":"Crème glacée L'Angelys Vanille - 450g","p":5.23,"u":"11,62 €/KG","img":"https://fd8-photos.leclercdrive.fr/image.ashx?id=2963574&use=l&cat=p&typeid=i","cat":284263},{"id":32497,"n":"Recharge Savon Mains Dettol Parfum Citron 250ml","p":2.14,"u":"8,56 €/L","img":"https://fd8-photos.leclercdrive.fr/image.ashx?id=2962020&use=l&cat=p&typeid=i","cat":284597},{"id":32516,"n":"Saumon fumé Bio Bio Village Atlantique x4T - 120g","p":5.77,"u":"48,08 €/KG","img":"https://fd8-photos.leclercdrive.fr/image.ashx?id=2374606&use=l&cat=p&typeid=i","cat":285188},{"id":32552,"n":"Apéritif Lagoa Cocktail Mojito sans alcool 75cl","p":2.95,"u":"3,93 €/L","img":"https://fd8-photos.leclercdrive.fr/image.ashx?id=2519969&use=l&cat=p&typeid=i","cat":284549},{"id":32555,"n":"Fromage Maasdam Les Croisés tranches x14 - 27.1%mg - 350g","p":3.23,"u":"9,23 €/KG","img":"https://fd8-photos.leclercdrive.fr/image.ashx?id=2026322&use=l&cat=p&typeid=i","cat":314028},{"id":32557,"n":"Edam Les Croisés 23.7%mg portion - 250g","p":3.09,"u":"12,36 €/KG","img":"https://fd8-photos.leclercdrive.fr/image.ashx?id=2900124&use=l&cat=p&typeid=i","cat":314034},{"id":32558,"n":"Mimolette Les Croisés 23.7%mg portion - 250g","p":2.97,"u":"11,88 €/KG","img":"https://fd8-photos.leclercdrive.fr/image.ashx?id=2796049&use=l&cat=p&typeid=i","cat":314034},{"id":32631,"n":"Biscuits palmier Bio Village Bio - 100g","p":1.27,"u":"12,70 €/KG","img":"https://fd8-photos.leclercdrive.fr/image.ashx?id=2610729&use=l&cat=p&typeid=i","cat":284487},{"id":32647,"n":"Persil plat  30g","p":1.38,"u":"46,00 €/KG","img":"https://fd8-photos.leclercdrive.fr/image.ashx?id=563967&use=l&cat=p&typeid=i","cat":293607},{"id":32690,"n":"Tranches de fromage Leerdammer Le Léger - 8 Tranches - 200g","p":3.79,"u":"18,95 €/KG","img":"https://fd8-photos.leclercdrive.fr/image.ashx?id=2507581&use=l&cat=p&typeid=i","cat":314028},{"id":32707,"n":"Poisson pané  Cabillaud Findus MSC x4 - 400g","p":6.85,"u":"17,13 €/KG","img":"https://fd8-photos.leclercdrive.fr/image.ashx?id=2650666&use=l&cat=p&typeid=i","cat":319788},{"id":32724,"n":"Pain grillé bio Bio Village Céréales et graines - 225g","p":1.59,"u":"7,07 €/KG","img":"https://fd8-photos.leclercdrive.fr/image.ashx?id=2595119&use=l&cat=p&typeid=i","cat":284479},{"id":32765,"n":"Bonbons Copains Copines Planch' acid goût fruit 225g","p":1.11,"u":"4,93 €/KG","img":"https://fd8-photos.leclercdrive.fr/image.ashx?id=2934709&use=l&cat=p&typeid=i","cat":304250},{"id":32804,"n":"Poulet jaune St Charmin Val de Loire - 1.25kg","p":8.99,"u":"7,19 €/KG","img":"https://fd8-photos.leclercdrive.fr/image.ashx?id=2933304&use=l&cat=p&typeid=i","cat":284336},{"id":32806,"n":"Cuisse poulet jaune St Charmin Val de Loire x2 - 480g","p":4.08,"u":"8,50 €/KG","img":"https://fd8-photos.leclercdrive.fr/image.ashx?id=2933307&use=l&cat=p&typeid=i","cat":284336},{"id":32809,"n":"Filets de poulet St Charmin Val de Loire x2 - 240g","p":5.49,"u":"22,88 €/KG","img":"https://fd8-photos.leclercdrive.fr/image.ashx?id=2933310&use=l&cat=p&typeid=i","cat":284336},{"id":32817,"n":"Eau minérale Mont Blanc 6x1.5L","p":2.94,"u":"0,33 €/L","img":"https://fd8-photos.leclercdrive.fr/image.ashx?id=2401110&use=l&cat=p&typeid=i","cat":284535},{"id":32829,"n":"Litière chats Tous mes Amis Optimale - 5L","p":4.5,"u":"0,90 €/L","img":"https://fd8-photos.leclercdrive.fr/image.ashx?id=2055220&use=l&cat=p&typeid=i","cat":284683},{"id":32877,"n":"Tarte au fromage Côté Table 2x130g","p":2.71,"u":"10,42 €/KG","img":"https://fd8-photos.leclercdrive.fr/image.ashx?id=2201483&use=l&cat=p&typeid=i","cat":333680},{"id":32901,"n":"Escalopes de dinde Volandrie x2 - 240g","p":3.49,"u":"14,54 €/KG","img":"https://fd8-photos.leclercdrive.fr/image.ashx?id=2595924&use=l&cat=p&typeid=i","cat":284337},{"id":32915,"n":"Oignons frits Colona 100g","p":0.85,"u":"8,50 €/KG","img":"https://fd8-photos.leclercdrive.fr/image.ashx?id=2687230&use=l&cat=p&typeid=i","cat":298297},{"id":32934,"n":"Bière blanche 1664 Blanc 5° - 12x25cl","p":9.95,"u":"3,32 €/L","img":"https://fd8-photos.leclercdrive.fr/image.ashx?id=2886696&use=l&cat=p&typeid=i","cat":334878},{"id":32949,"n":"Gel Douche Fa Cap tonique mixte flacon- 250ml","p":1.61,"u":"6,44 €/L","img":"https://fd8-photos.leclercdrive.fr/image.ashx?id=2995418&use=l&cat=p&typeid=i","cat":284594},{"id":32954,"n":"Bûche glacée Eskiss Poire Chocolat - 549g","p":4.3,"u":"7,83 €/KG","img":"https://fd8-photos.leclercdrive.fr/image.ashx?id=2968988&use=l&cat=p&typeid=i","cat":284266},{"id":32969,"n":"Mousse à raser Carré Homme Menthol 250ml","p":1.39,"u":"5,56 €/L","img":"https://fd8-photos.leclercdrive.fr/image.ashx?id=2704705&use=l&cat=p&typeid=i","cat":284617},{"id":32970,"n":"Lingettes Bionaïa Démaquillantes Bio x25","p":1.04,"u":"0,04 €/P","img":"https://fd8-photos.leclercdrive.fr/image.ashx?id=2376025&use=l&cat=p&typeid=i","cat":284603},{"id":32971,"n":"Mousse à raser Carré Homme Protectrice 250ml","p":1.12,"u":"4,48 €/L","img":"https://fd8-photos.leclercdrive.fr/image.ashx?id=2842289&use=l&cat=p&typeid=i","cat":284617},{"id":32972,"n":"Gel nettoyant Inell Visage 3 en 1 - 150ml","p":2.95,"u":"19,67 €/L","img":"https://fd8-photos.leclercdrive.fr/image.ashx?id=2644849&use=l&cat=p&typeid=i","cat":284603},{"id":32973,"n":"Eau micellaire Inell 500ml","p":2.36,"u":"4,72 €/L","img":"https://fd8-photos.leclercdrive.fr/image.ashx?id=1938870&use=l&cat=p&typeid=i","cat":284603},{"id":32981,"n":"Biscuits sec thé P'tit Déli 340g","p":1.21,"u":"3,56 €/KG","img":"https://fd8-photos.leclercdrive.fr/image.ashx?id=2679488&use=l&cat=p&typeid=i","cat":284487},{"id":32982,"n":"Pâtes coquillettes Turini Les 3 min - 1kg","p":1.52,"u":"1,52 €/KG","img":"https://fd8-photos.leclercdrive.fr/image.ashx?id=2607530&use=l&cat=p&typeid=i","cat":284427},{"id":32985,"n":"Riz long Comptoir du Grain Cuisson rapide - 2kg","p":3.36,"u":"1,68 €/KG","img":"https://fd8-photos.leclercdrive.fr/image.ashx?id=2226197&use=l&cat=p&typeid=i","cat":284428},{"id":32986,"n":"Pâtes penne Turini Les 3 min - 500g","p":0.99,"u":"1,98 €/KG","img":"https://fd8-photos.leclercdrive.fr/image.ashx?id=2744240&use=l&cat=p&typeid=i","cat":284427},{"id":33034,"n":"AOC Crémant Bourgogne brut Veuve Ambal - Tastevine - 75cl","p":8.55,"u":"11,40 €/L","img":"https://fd8-photos.leclercdrive.fr/image.ashx?id=1965240&use=l&cat=p&typeid=i","cat":284545},{"id":33036,"n":"Beurre allégé Les Croisés Doux - 60% MG - 250g","p":1.87,"u":"7,48 €/KG","img":"https://fd8-photos.leclercdrive.fr/image.ashx?id=2893319&use=l&cat=p&typeid=i","cat":284379},{"id":33046,"n":"Tuiles Tokapi Epicé - 170g","p":1.39,"u":"8,18 €/KG","img":"https://fd8-photos.leclercdrive.fr/image.ashx?id=2641277&use=l&cat=p&typeid=i","cat":287899},{"id":33047,"n":"AOC Bordeaux vin rouge Chantet Blanet - BIB 5L","p":15.49,"u":"3,10 €/L","img":"https://fd8-photos.leclercdrive.fr/image.ashx?id=2727386&use=l&cat=p&typeid=i","cat":289560},{"id":33063,"n":"Lait de toilette Mots d'Enfants Extra-doux - 750ml","p":3.69,"u":"4,92 €/L","img":"https://fd8-photos.leclercdrive.fr/image.ashx?id=2266495&use=l&cat=p&typeid=i","cat":284741},{"id":33097,"n":"Steak haché façon bouchère 560g Férial - 15%mg - X4","p":9.45,"u":"16,88 €/KG","img":"https://fd8-photos.leclercdrive.fr/image.ashx?id=3004660&use=l&cat=p&typeid=i","cat":319778},{"id":33098,"n":"Viande hachée Férial 15%mg - 400G","p":5.49,"u":"13,73 €/KG","img":"https://fd8-photos.leclercdrive.fr/image.ashx?id=2966517&use=l&cat=p&typeid=i","cat":319779},{"id":33151,"n":"Préparation culinaire Soja Délisse - 5%mg - 3x20cl","p":1.89,"u":"3,15 €/L","img":"https://fd8-photos.leclercdrive.fr/image.ashx?id=2970741&use=l&cat=p&typeid=i","cat":316069},{"id":33197,"n":"Café moulu Plantation Colombie - 250g","p":3.87,"u":"15,48 €/KG","img":"https://fd8-photos.leclercdrive.fr/image.ashx?id=2824268&use=l&cat=p&typeid=i","cat":284750},{"id":33199,"n":"Sirop Eco+ Fraise - 1L","p":2.43,"u":"2,43 €/L","img":"https://fd8-photos.leclercdrive.fr/image.ashx?id=2959701&use=l&cat=p&typeid=i","cat":295020},{"id":33200,"n":"Sirop menthe Eco+ 1L","p":1.41,"u":"1,41 €/L","img":"https://fd8-photos.leclercdrive.fr/image.ashx?id=2909831&use=l&cat=p&typeid=i","cat":295020},{"id":33201,"n":"Sirop Eco+ Pêche - 1L","p":2.58,"u":"2,58 €/L","img":"https://fd8-photos.leclercdrive.fr/image.ashx?id=2901422&use=l&cat=p&typeid=i","cat":295020},{"id":33213,"n":"IGP Pays d'oc rosé Bio Grenache Autrement - 75cl","p":5.48,"u":"7,31 €/L","img":"https://fd8-photos.leclercdrive.fr/image.ashx?id=3005095&use=l&cat=p&typeid=i","cat":289558},{"id":33214,"n":"IGP Pays d'Oc blanc Bio Sauvignon Autrement - 75cl","p":5.03,"u":"6,71 €/L","img":"https://fd8-photos.leclercdrive.fr/image.ashx?id=2552799&use=l&cat=p&typeid=i","cat":289557},{"id":33215,"n":"IGP Pays d'Oc rouge Bio Merlot Autrement - 75cl","p":5.65,"u":"7,53 €/L","img":"https://fd8-photos.leclercdrive.fr/image.ashx?id=2508180&use=l&cat=p&typeid=i","cat":289556},{"id":33252,"n":"Mini feuilletés Côté Table Escargot x16 - 170g","p":5.49,"u":"32,29 €/KG","img":"https://fd8-photos.leclercdrive.fr/image.ashx?id=2600408&use=l&cat=p&typeid=i","cat":319774},{"id":33255,"n":"Pâtes farfalle Turini Les 3 min - 500g","p":1.07,"u":"2,14 €/KG","img":"https://fd8-photos.leclercdrive.fr/image.ashx?id=2669723&use=l&cat=p&typeid=i","cat":284427},{"id":33256,"n":"Sachet cuisson Rustica Poulet herbes de provence - 34g","p":0.6,"u":"17,65 €/KG","img":"https://fd8-photos.leclercdrive.fr/image.ashx?id=1886674&use=l&cat=p&typeid=i","cat":288380},{"id":33258,"n":"Sachet cuisson Rustica Poulet ail et oignon - 36g","p":0.59,"u":"16,39 €/KG","img":"https://fd8-photos.leclercdrive.fr/image.ashx?id=1886680&use=l&cat=p&typeid=i","cat":288380},{"id":33259,"n":"Sachet cuisson Rustica Poulet paprika et tomates - 34g","p":0.67,"u":"19,71 €/KG","img":"https://fd8-photos.leclercdrive.fr/image.ashx?id=2578632&use=l&cat=p&typeid=i","cat":288380},{"id":33260,"n":"Sachet cuisson Rustica Porc goût barbecue - 28g","p":0.61,"u":"21,79 €/KG","img":"https://fd8-photos.leclercdrive.fr/image.ashx?id=1886677&use=l&cat=p&typeid=i","cat":288380},{"id":33262,"n":"Céréales Corn Flakes Kellogg's 500g","p":2.65,"u":"5,30 €/KG","img":"https://fd8-photos.leclercdrive.fr/image.ashx?id=2522005&use=l&cat=p&typeid=i","cat":309513},{"id":33264,"n":"Ananas Fruistar En morceaux - 650g","p":6.56,"u":"10,09 €/KG","img":"https://fd8-photos.leclercdrive.fr/image.ashx?id=2185822&use=l&cat=p&typeid=i","cat":284268},{"id":33266,"n":"Céréales Smacks Kellogg's 400g","p":2.69,"u":"6,73 €/KG","img":"https://fd8-photos.leclercdrive.fr/image.ashx?id=2584235&use=l&cat=p&typeid=i","cat":309513},{"id":33268,"n":"Cassolette Côté Table Fruits de mer 2x110g","p":3.99,"u":"18,14 €/KG","img":"https://fd8-photos.leclercdrive.fr/image.ashx?id=2234972&use=l&cat=p&typeid=i","cat":284254},{"id":33269,"n":"Pommes de terre Pom'lisse Grenaille - 450g","p":2.49,"u":"5,53 €/KG","img":"https://fd8-photos.leclercdrive.fr/image.ashx?id=2704708&use=l&cat=p&typeid=i","cat":319792},{"id":33274,"n":"Pâtes spaghetti Turini Les 3 min - 1kg","p":1.55,"u":"1,55 €/KG","img":"https://fd8-photos.leclercdrive.fr/image.ashx?id=2607533&use=l&cat=p&typeid=i","cat":284427},{"id":33287,"n":"Pâtes Torsettes Turini 3 min - 1kg","p":1.63,"u":"1,63 €/KG","img":"https://fd8-photos.leclercdrive.fr/image.ashx?id=2744237&use=l&cat=p&typeid=i","cat":284427},{"id":33292,"n":"Pruneaux d'Agen Couleurs Vives Dénoyautés - 1kg","p":7.93,"u":"7,93 €/KG","img":"https://fd8-photos.leclercdrive.fr/image.ashx?id=2128537&use=l&cat=p&typeid=i","cat":284357},{"id":33299,"n":"Sérum physiologique Mots d'Enfants 5ml x40","p":2.19,"u":"10,95 €/L","img":"https://fd8-photos.leclercdrive.fr/image.ashx?id=3014209&use=l&cat=p&typeid=i","cat":284741},{"id":33301,"n":"Soda light  Pulp'Orange Orange Bouteille - 1,5L","p":1.39,"u":"0,93 €/L","img":"https://fd8-photos.leclercdrive.fr/image.ashx?id=2922412&use=l&cat=p&typeid=i","cat":284532},{"id":33302,"n":"Pâtes cannelloni Turini 250g","p":0.99,"u":"3,96 €/KG","img":"https://fd8-photos.leclercdrive.fr/image.ashx?id=2980468&use=l&cat=p&typeid=i","cat":284427},{"id":33304,"n":"Soja cuisine Bio Village Fluide bio - 3x20cl","p":1.61,"u":"2,68 €/L","img":"https://fd8-photos.leclercdrive.fr/image.ashx?id=2493679&use=l&cat=p&typeid=i","cat":316069},{"id":33305,"n":"Mélange Cocktail Tokapi Ananas et raisins - 120g","p":1.53,"u":"12,75 €/KG","img":"https://fd8-photos.leclercdrive.fr/image.ashx?id=2795559&use=l&cat=p&typeid=i","cat":284448},{"id":33306,"n":"Sucre pure canne Bio Village En poudre bio - 500g","p":1.66,"u":"3,32 €/KG","img":"https://fd8-photos.leclercdrive.fr/image.ashx?id=2115878&use=l&cat=p&typeid=i","cat":284502},{"id":33334,"n":"Crème hydratante Mots d'Enfants Bébé - 100ml","p":2.38,"u":"23,80 €/L","img":"https://fd8-photos.leclercdrive.fr/image.ashx?id=3014218&use=l&cat=p&typeid=i","cat":284741},{"id":33335,"n":"Eau nettoyante Mots d'Enfants Hydratante - 750ml","p":3.15,"u":"4,20 €/L","img":"https://fd8-photos.leclercdrive.fr/image.ashx?id=3015075&use=l&cat=p&typeid=i","cat":284741},{"id":33336,"n":"Gel lavant bébé Mots d'Enfants Corps et cheveux - 750ml","p":3.15,"u":"4,20 €/L","img":"https://fd8-photos.leclercdrive.fr/image.ashx?id=3014224&use=l&cat=p&typeid=i","cat":284740},{"id":33399,"n":"Pâte d'amande 40% Vahiné Tricolore 150g","p":1.16,"u":"7,73 €/KG","img":"https://fd8-photos.leclercdrive.fr/image.ashx?id=2014370&use=l&cat=p&typeid=i","cat":284504},{"id":33442,"n":"Cocktail fruits de mer Escal 900g","p":10.64,"u":"11,82 €/KG","img":"https://fd8-photos.leclercdrive.fr/image.ashx?id=2438609&use=l&cat=p&typeid=i","cat":319787},{"id":33498,"n":"Jus de pomme pétillant Champomy Gold Pomme Pêche - 75cl","p":2.99,"u":"3,99 €/L","img":"https://fd8-photos.leclercdrive.fr/image.ashx?id=2688629&use=l&cat=p&typeid=i","cat":289460},{"id":33499,"n":"Jus de pomme pétillant Champomy Pink Pomme Raisin - 75cl","p":2.99,"u":"3,99 €/L","img":"https://fd8-photos.leclercdrive.fr/image.ashx?id=2688638&use=l&cat=p&typeid=i","cat":289460},{"id":33503,"n":"Salade & Cie Sodebo Antibes Thon riz - 320g","p":3.39,"u":"10,59 €/KG","img":"https://fd8-photos.leclercdrive.fr/image.ashx?id=2799431&use=l&cat=p&typeid=i","cat":333657},{"id":33579,"n":"Fromage à tartiner Boursin Echalote ciboulette 10 portions","p":3.2,"u":"20,00 €/KG","img":"https://fd8-photos.leclercdrive.fr/image.ashx?id=2962056&use=l&cat=p&typeid=i","cat":314029},{"id":33582,"n":"Fromage à tartiner Boursin Poivre - 150g","p":2.2,"u":"14,67 €/KG","img":"https://fd8-photos.leclercdrive.fr/image.ashx?id=2962284&use=l&cat=p&typeid=i","cat":314029},{"id":33583,"n":"Dés de fromage salade Boursin Figue et 3 noix - 120g","p":2.29,"u":"19,08 €/KG","img":"https://fd8-photos.leclercdrive.fr/image.ashx?id=2865668&use=l&cat=p&typeid=i","cat":314027},{"id":33594,"n":"Cacahuètes  Benenuts Grillées salées - 220g","p":1.35,"u":"6,14 €/KG","img":"https://fd8-photos.leclercdrive.fr/image.ashx?id=2418762&use=l&cat=p&typeid=i","cat":284448},{"id":33595,"n":"Monster Munch Salé - 85g","p":1.09,"u":"12,82 €/KG","img":"https://fd8-photos.leclercdrive.fr/image.ashx?id=2971598&use=l&cat=p&typeid=i","cat":284449},{"id":33596,"n":"Monster Munch Jambon fromage - 85g","p":1.09,"u":"12,82 €/KG","img":"https://fd8-photos.leclercdrive.fr/image.ashx?id=2971604&use=l&cat=p&typeid=i","cat":284449},{"id":33599,"n":"Monster Munch Barbecue - 85g","p":1.09,"u":"12,82 €/KG","img":"https://fd8-photos.leclercdrive.fr/image.ashx?id=2917459&use=l&cat=p&typeid=i","cat":284449},{"id":33600,"n":"Monster Munch Ketchup - 85g","p":1.09,"u":"12,82 €/KG","img":"https://fd8-photos.leclercdrive.fr/image.ashx?id=2996932&use=l&cat=p&typeid=i","cat":284449},{"id":33649,"n":"Blanc de poulet Fleury Michon Halal x6 - 180g","p":3.12,"u":"17,33 €/KG","img":"https://fd8-photos.leclercdrive.fr/image.ashx?id=2886717&use=l&cat=p&typeid=i","cat":316013},{"id":33667,"n":"Crème de cassis Auguste Mugniot 15%vol. - 70cl","p":4.89,"u":"6,99 €/L","img":"https://fd8-photos.leclercdrive.fr/image.ashx?id=1211501&use=l&cat=p&typeid=i","cat":286032},{"id":33680,"n":"Croquettes grands chiens Lydog Boeuf Volaille - 14.5kg","p":18.7,"u":"1,29 €/KG","img":"https://fd8-photos.leclercdrive.fr/image.ashx?id=2054975&use=l&cat=p&typeid=i","cat":284672},{"id":33697,"n":"Cuisses de poulet Maître Coq 1.4kg","p":6.66,"u":"4,76 €/KG","img":"https://fd8-photos.leclercdrive.fr/image.ashx?id=2551126&use=l&cat=p&typeid=i","cat":284336},{"id":33745,"n":"IGP Pays d'Oc rosé Cinsault  Syrah Ormes de Cambras - BIB 5L","p":18.05,"u":"3,61 €/L","img":"https://fd8-photos.leclercdrive.fr/image.ashx?id=2445118&use=l&cat=p&typeid=i","cat":289560},{"id":33749,"n":"IGP Terres du Midi Listel Vin rosé 12% vol - BIB 3L","p":13.89,"u":"4,63 €/L","img":"https://fd8-photos.leclercdrive.fr/image.ashx?id=2883468&use=l&cat=p&typeid=i","cat":289560},{"id":33755,"n":"AOP Monbazillac vin blanc Bernard Cordelier - 75 cl","p":5.99,"u":"7,99 €/L","img":"https://fd8-photos.leclercdrive.fr/image.ashx?id=2809184&use=l&cat=p&typeid=i","cat":289557},{"id":33756,"n":"Vin blanc Apremont  De Savoie - 75cl","p":7.0,"u":"9,33 €/L","img":"https://fd8-photos.leclercdrive.fr/image.ashx?id=660005&use=l&cat=p&typeid=i","cat":289557},{"id":33757,"n":"Vin blanc  Mâcon Villages - 75cl","p":7.59,"u":"10,12 €/L","img":"https://fd8-photos.leclercdrive.fr/image.ashx?id=1758376&use=l&cat=p&typeid=i","cat":289557},{"id":33758,"n":"Vin blanc Abymes Domaine Labbe 75cl","p":4.94,"u":"6,59 €/L","img":"https://fd8-photos.leclercdrive.fr/image.ashx?id=1573949&use=l&cat=p&typeid=i","cat":289557},{"id":33773,"n":"Biscuits petit dej P'tit Déli  Multi céréales - 400g","p":1.84,"u":"4,60 €/KG","img":"https://fd8-photos.leclercdrive.fr/image.ashx?id=2999505&use=l&cat=p&typeid=i","cat":284491},{"id":33792,"n":"Crème mains bio Bio NaÏa Hydratante - 100ml","p":1.99,"u":"19,90 €/L","img":"https://fd8-photos.leclercdrive.fr/image.ashx?id=2558811&use=l&cat=p&typeid=i","cat":325354},{"id":33801,"n":"Crème protectrice - change Mots d'Enfants - 100ml","p":1.99,"u":"19,90 €/L","img":"https://fd8-photos.leclercdrive.fr/image.ashx?id=2320468&use=l&cat=p&typeid=i","cat":284741},{"id":33804,"n":"Déodorant Manava Douceur satin 200ml","p":1.44,"u":"7,20 €/L","img":"https://fd8-photos.leclercdrive.fr/image.ashx?id=2835202&use=l&cat=p&typeid=i","cat":284595},{"id":33805,"n":"Lingettes désinfectantes Clair Anti-bactériennes x40","p":1.05,"u":"0,03 €/P","img":"https://fd8-photos.leclercdrive.fr/image.ashx?id=2768095&use=l&cat=p&typeid=i","cat":325358},{"id":33811,"n":"Pastis de Marseille 45%vol - 1L","p":16.35,"u":"16,35 €/L","img":"https://fd8-photos.leclercdrive.fr/image.ashx?id=2637817&use=l&cat=p&typeid=i","cat":284548},{"id":33816,"n":"Bâtonnets Dentastix Pedigree Moyen chien x56 - 1440g","p":14.04,"u":"10,03 €/KG","img":"https://fd8-photos.leclercdrive.fr/image.ashx?id=2980185&use=l&cat=p&typeid=i","cat":294527},{"id":33820,"n":"Friandises chat Catisfactions Saumon - 60g","p":1.25,"u":"20,83 €/KG","img":"https://fd8-photos.leclercdrive.fr/image.ashx?id=2912605&use=l&cat=p&typeid=i","cat":285285},{"id":33822,"n":"Pina Colada Jafaden  Cocktail sans alcool 1L","p":2.6,"u":"2,60 €/L","img":"https://fd8-photos.leclercdrive.fr/image.ashx?id=2956104&use=l&cat=p&typeid=i","cat":284549},{"id":33824,"n":"Pur jus multifruits Jafaden  Orange Carotte Banane - 1L","p":2.29,"u":"2,29 €/L","img":"https://fd8-photos.leclercdrive.fr/image.ashx?id=2841157&use=l&cat=p&typeid=i","cat":284917},{"id":33847,"n":"Pur jus multifruits Jafaden Orange Ananas Mangue - 1L","p":2.29,"u":"2,29 €/L","img":"https://fd8-photos.leclercdrive.fr/image.ashx?id=2841160&use=l&cat=p&typeid=i","cat":284917},{"id":33848,"n":"Pur jus multifruits Jafaden  Orange Clémentine Banane - 1L","p":2.35,"u":"2,35 €/L","img":"https://fd8-photos.leclercdrive.fr/image.ashx?id=2841163&use=l&cat=p&typeid=i","cat":284917},{"id":33849,"n":"Shampooing bio Bio naïa 250ml","p":1.8,"u":"7,20 €/L","img":"https://fd8-photos.leclercdrive.fr/image.ashx?id=2822117&use=l&cat=p&typeid=i","cat":284606},{"id":33850,"n":"Eponges multi-usage Mamison Vertes - X6","p":1.75,"u":"0,29 €/P","img":"https://fd8-photos.leclercdrive.fr/image.ashx?id=2175768&use=l&cat=p&typeid=i","cat":284667},{"id":33882,"n":"Farfalle Bio Village Bio Au blé complet - 500g","p":1.95,"u":"3,90 €/KG","img":"https://fd8-photos.leclercdrive.fr/image.ashx?id=2625373&use=l&cat=p&typeid=i","cat":284427},{"id":33885,"n":"Olives noires  Rustica Dénoyautées - 180g","p":1.23,"u":"6,83 €/KG","img":"https://fd8-photos.leclercdrive.fr/image.ashx?id=1698893&use=l&cat=p&typeid=i","cat":284458},{"id":33887,"n":"Pains grillés complet Epi d'or 400g","p":1.57,"u":"3,93 €/KG","img":"https://fd8-photos.leclercdrive.fr/image.ashx?id=2982610&use=l&cat=p&typeid=i","cat":284479},{"id":33889,"n":"Pain précuit Epi d'or Petits pains x6 - 300g","p":0.99,"u":"3,30 €/KG","img":"https://fd8-photos.leclercdrive.fr/image.ashx?id=1905869&use=l&cat=p&typeid=i","cat":325069},{"id":33891,"n":"Paëlla royale Côté Table 300g","p":3.39,"u":"11,30 €/KG","img":"https://fd8-photos.leclercdrive.fr/image.ashx?id=2393872&use=l&cat=p&typeid=i","cat":284953},{"id":33892,"n":"Poule au riz Côté table 300g","p":2.31,"u":"7,70 €/KG","img":"https://fd8-photos.leclercdrive.fr/image.ashx?id=2393875&use=l&cat=p&typeid=i","cat":284953},{"id":33893,"n":"Penne Bio Village  Bio - 500g","p":0.89,"u":"1,78 €/KG","img":"https://fd8-photos.leclercdrive.fr/image.ashx?id=2625370&use=l&cat=p&typeid=i","cat":284427},{"id":33909,"n":"P'tit sablé P'tit Déli Au sel de Guérande 130g","p":1.09,"u":"8,38 €/KG","img":"https://fd8-photos.leclercdrive.fr/image.ashx?id=2666566&use=l&cat=p&typeid=i","cat":284487},{"id":33910,"n":"Biscuit Petit beurre P'tit Déli Chocolat noir pocket - 250g","p":2.39,"u":"9,56 €/KG","img":"https://fd8-photos.leclercdrive.fr/image.ashx?id=750629&use=l&cat=p&typeid=i","cat":284488},{"id":33915,"n":"Veau aux légumes Côté table Barquette 280g","p":2.29,"u":"8,18 €/KG","img":"https://fd8-photos.leclercdrive.fr/image.ashx?id=2476152&use=l&cat=p&typeid=i","cat":284953},{"id":33917,"n":"Thon entier Pêche Océan Huile d'olive - 160g","p":2.29,"u":"14,31 €/KG","img":"https://fd8-photos.leclercdrive.fr/image.ashx?id=2942199&use=l&cat=p&typeid=i","cat":303867},{"id":33918,"n":"Pâtes torsettes Turini Blé complet - 500g","p":0.99,"u":"1,98 €/KG","img":"https://fd8-photos.leclercdrive.fr/image.ashx?id=2607527&use=l&cat=p&typeid=i","cat":284427},{"id":33919,"n":"Son de blé Bio Village Sachet Bio - 250g","p":0.99,"u":"3,96 €/KG","img":"https://fd8-photos.leclercdrive.fr/image.ashx?id=2798383&use=l&cat=p&typeid=i","cat":309512},{"id":33921,"n":"Boisson énergisante X-tense Bouteille - 1L","p":1.8,"u":"1,80 €/L","img":"https://fd8-photos.leclercdrive.fr/image.ashx?id=2956101&use=l&cat=p&typeid=i","cat":284533},{"id":33988,"n":"Bloc WC Syphon Activ' Effect Marine x1","p":1.58,"img":"https://fd8-photos.leclercdrive.fr/image.ashx?id=2302690&use=l&cat=p&typeid=i","cat":284662},{"id":33989,"n":"Coq au vin Côté Table 400g","p":2.54,"u":"6,35 €/KG","img":"https://fd8-photos.leclercdrive.fr/image.ashx?id=2977876&use=l&cat=p&typeid=i","cat":284441},{"id":33992,"n":"Soda Coca-Cola Zéro Cherry  Bouteille - 1,25L","p":1.72,"u":"1,38 €/L","img":"https://fd8-photos.leclercdrive.fr/image.ashx?id=2678158&use=l&cat=p&typeid=i","cat":284530},{"id":34006,"n":"Boisson aux fruits Capri Sun Tropical - 10x20cl","p":3.65,"u":"1,83 €/L","img":"https://fd8-photos.leclercdrive.fr/image.ashx?id=2506399&use=l&cat=p&typeid=i","cat":295018},{"id":34007,"n":"Bâtonnets Dentastix Pedigree  Fresh Moyen chien x7 - 180g","p":2.18,"u":"12,11 €/KG","img":"https://fd8-photos.leclercdrive.fr/image.ashx?id=2850171&use=l&cat=p&typeid=i","cat":294527},{"id":34072,"n":"Tomates cerises mélangées Barquette 400g","p":2.0,"u":"5,00 €/KG","img":"https://fd8-photos.leclercdrive.fr/image.ashx?id=1633238&use=l&cat=p&typeid=i","cat":284352},{"id":34106,"n":"Dosettes café Plantation  Classique - x36 - 250g","p":3.72,"u":"14,88 €/KG","img":"https://fd8-photos.leclercdrive.fr/image.ashx?id=2622109&use=l&cat=p&typeid=i","cat":293238},{"id":34107,"n":"Dosettes café Plantation  Corsé - x36 - 250g","p":3.72,"u":"14,88 €/KG","img":"https://fd8-photos.leclercdrive.fr/image.ashx?id=2622112&use=l&cat=p&typeid=i","cat":293238},{"id":34175,"n":"Bouillon de boeuf Jardin Bio' Bio cube sans huile palme - x8","p":1.51,"u":"18,88 €/KG","img":"https://fd8-photos.leclercdrive.fr/image.ashx?id=2535532&use=l&cat=p&typeid=i","cat":288379},{"id":34176,"n":"Bouillon de légumes Jardin Bio' Bio cube sans huile palme x10","p":1.52,"u":"16,89 €/KG","img":"https://fd8-photos.leclercdrive.fr/image.ashx?id=2990844&use=l&cat=p&typeid=i","cat":288379},{"id":34177,"n":"Effilés aux legumes Purina One Poulet / Boeufs - 4x85g","p":2.15,"u":"6,32 €/KG","img":"https://fd8-photos.leclercdrive.fr/image.ashx?id=2467483&use=l&cat=p&typeid=i","cat":285286},{"id":34178,"n":"Sachet repas chats Purina One Viandes et Poissons - 4x85g","p":2.15,"u":"6,32 €/KG","img":"https://fd8-photos.leclercdrive.fr/image.ashx?id=2467486&use=l&cat=p&typeid=i","cat":285286},{"id":34180,"n":"Gants jetables Mamison latex Taille M x100","p":5.49,"u":"0,05 €/P","img":"https://fd8-photos.leclercdrive.fr/image.ashx?id=1947725&use=l&cat=p&typeid=i","cat":284668},{"id":34183,"n":"Tortilla Tables du monde Oignons 500g","p":2.89,"u":"5,78 €/KG","img":"https://fd8-photos.leclercdrive.fr/image.ashx?id=794123&use=l&cat=p&typeid=i","cat":333673},{"id":34184,"n":"Filets poulet blanc Maître Coq 600g","p":6.74,"u":"11,23 €/KG","img":"https://fd8-photos.leclercdrive.fr/image.ashx?id=2551156&use=l&cat=p&typeid=i","cat":284336},{"id":34185,"n":"Filets poulet jaune Maitre coq 600g","p":6.95,"u":"11,58 €/KG","img":"https://fd8-photos.leclercdrive.fr/image.ashx?id=2551159&use=l&cat=p&typeid=i","cat":284336},{"id":34186,"n":"Aiguillettes poulet Maitre coq Blanc - 450g","p":6.35,"u":"14,11 €/KG","img":"https://fd8-photos.leclercdrive.fr/image.ashx?id=2551162&use=l&cat=p&typeid=i","cat":284336},{"id":34187,"n":"Aiguillettes poulet Maitre coq Jaune - 450g","p":6.48,"u":"14,40 €/KG","img":"https://fd8-photos.leclercdrive.fr/image.ashx?id=2551165&use=l&cat=p&typeid=i","cat":284336},{"id":34188,"n":"Poulet Label Rouge Blanc  IGP Volailles du Maine 1,25kg","p":10.75,"u":"8,60 €/KG","img":"https://fd8-photos.leclercdrive.fr/image.ashx?id=2411746&use=l&cat=p&typeid=i","cat":284336},{"id":34189,"n":"Poulet Label Rouge Jaune  IGP Volailles du Maine  1,25kg","p":10.74,"u":"8,59 €/KG","img":"https://fd8-photos.leclercdrive.fr/image.ashx?id=2411749&use=l&cat=p&typeid=i","cat":284336},{"id":34196,"n":"Gratin Fleury Michon Choux-fleur jambon 280g","p":3.39,"u":"12,11 €/KG","img":"https://fd8-photos.leclercdrive.fr/image.ashx?id=3003293&use=l&cat=p&typeid=i","cat":333665},{"id":34197,"n":"Aiguillettes de poulet  Douce France - 280g","p":4.01,"u":"14,32 €/KG","img":"https://fd8-photos.leclercdrive.fr/image.ashx?id=2629067&use=l&cat=p&typeid=i","cat":284336},{"id":34198,"n":"Filet poulet blanc Douce France  x2 -300G","p":4.61,"u":"15,37 €/KG","img":"https://fd8-photos.leclercdrive.fr/image.ashx?id=2305323&use=l&cat=p&typeid=i","cat":284336},{"id":34203,"n":"Tortilla Tables du monde Nature 500g","p":2.89,"u":"5,78 €/KG","img":"https://fd8-photos.leclercdrive.fr/image.ashx?id=654051&use=l&cat=p&typeid=i","cat":333673},{"id":34258,"n":"Bière blonde spéciale 5 Lager Canette - 5%vol. - 50cl","p":0.79,"u":"1,58 €/L","img":"https://fd8-photos.leclercdrive.fr/image.ashx?id=2954094&use=l&cat=p&typeid=i","cat":334853},{"id":34326,"n":"Dosettes café Plantation  Caramel - x10 - 70g","p":1.63,"u":"23,29 €/KG","img":"https://fd8-photos.leclercdrive.fr/image.ashx?id=2824277&use=l&cat=p&typeid=i","cat":293238},{"id":34327,"n":"Dosettes café Plantation Noisette - x10 - 70g","p":1.82,"u":"26,00 €/KG","img":"https://fd8-photos.leclercdrive.fr/image.ashx?id=2664578&use=l&cat=p&typeid=i","cat":293238},{"id":34332,"n":"Vodka Sobieski  37,5%vol - 1L","p":16.31,"u":"16,31 €/L","img":"https://fd8-photos.leclercdrive.fr/image.ashx?id=2948477&use=l&cat=p&typeid=i","cat":284550},{"id":34333,"n":"Boisson à base de vin rosé Very Framboise - 75cl","p":3.05,"u":"4,07 €/L","img":"https://fd8-photos.leclercdrive.fr/image.ashx?id=2446632&use=l&cat=p&typeid=i","cat":304569},{"id":34334,"n":"Boisson à base de vin blanc  Very Pech'- Pêche - 75cl","p":2.39,"u":"3,19 €/L","img":"https://fd8-photos.leclercdrive.fr/image.ashx?id=2443874&use=l&cat=p&typeid=i","cat":304569},{"id":34350,"n":"Shampooing sec Vitanove Cheveux normaux - 150ml","p":1.87,"u":"12,47 €/L","img":"https://fd8-photos.leclercdrive.fr/image.ashx?id=2669720&use=l&cat=p&typeid=i","cat":289143},{"id":34361,"n":"Préparation pain Tablier Blanc Farine pour pain nature - 1kg","p":1.35,"u":"1,35 €/KG","img":"https://fd8-photos.leclercdrive.fr/image.ashx?id=2832951&use=l&cat=p&typeid=i","cat":284503},{"id":34406,"n":"Dosettes café Plantation  Décaféiné - x36 - 250g","p":3.99,"u":"15,96 €/KG","img":"https://fd8-photos.leclercdrive.fr/image.ashx?id=2824274&use=l&cat=p&typeid=i","cat":293238},{"id":34500,"n":"Dosettes café Plantation  Classique - x48 - 336g","p":4.95,"u":"14,73 €/KG","img":"https://fd8-photos.leclercdrive.fr/image.ashx?id=2824271&use=l&cat=p&typeid=i","cat":293238},{"id":34512,"n":"AOC Buzet vin rouge Terrasses d'Autan - BIB 3L","p":11.49,"u":"3,83 €/L","img":"https://fd8-photos.leclercdrive.fr/image.ashx?id=2804190&use=l&cat=p&typeid=i","cat":289560},{"id":34521,"n":"Bière blonde Falsbourg 4.2%vol. - 24x25cl","p":8.55,"u":"1,43 €/L","img":"https://fd8-photos.leclercdrive.fr/image.ashx?id=2637910&use=l&cat=p&typeid=i","cat":334873},{"id":34633,"n":"Vinaigre blanc Saas Melfor Vinaigre d'alcool - 1L","p":0.85,"u":"0,85 €/L","img":"https://fd8-photos.leclercdrive.fr/image.ashx?id=2354812&use=l&cat=p&typeid=i","cat":298543},{"id":34659,"n":"Mini chinois Epi d'Or Nature x6 - 300g","p":1.8,"u":"6,00 €/KG","img":"https://fd8-photos.leclercdrive.fr/image.ashx?id=2860739&use=l&cat=p&typeid=i","cat":296366},{"id":34660,"n":"Pruneaux d'Agen Couleurs Vives Dénoyautés - 250g","p":2.99,"u":"11,96 €/KG","img":"https://fd8-photos.leclercdrive.fr/image.ashx?id=2093129&use=l&cat=p&typeid=i","cat":284357},{"id":34670,"n":"Oignons jaunes Filière Panier du Primeur Filet 1kg","p":1.99,"u":"1,99 €/KG","img":"https://fd8-photos.leclercdrive.fr/image.ashx?id=2953734&use=l&cat=p&typeid=i","cat":284352},{"id":34671,"n":"Echalote traditionnelle filière Panier du Primeur Filet 250g","p":0.99,"u":"3,96 €/KG","img":"https://fd8-photos.leclercdrive.fr/image.ashx?id=2965500&use=l&cat=p&typeid=i","cat":284352},{"id":34672,"n":"Ail blanc Panier du Primeur A mijoter et à confire x3","p":2.99,"u":"1,00 €/P","img":"https://fd8-photos.leclercdrive.fr/image.ashx?id=2958720&use=l&cat=p&typeid=i","cat":284352},{"id":34679,"n":"Eponges grattantes Mamison Couleurs pop x2","p":1.38,"u":"0,69 €/P","img":"https://fd8-photos.leclercdrive.fr/image.ashx?id=2207724&use=l&cat=p&typeid=i","cat":284667},{"id":34693,"n":"Briochettes pépites Epi d'Or Chocolat au lait x12 - 500g","p":2.44,"u":"4,88 €/KG","img":"https://fd8-photos.leclercdrive.fr/image.ashx?id=2867913&use=l&cat=p&typeid=i","cat":293505},{"id":34694,"n":"Briochettes pépites Epi d'Or Chocolat - x12 500g","p":2.79,"u":"5,58 €/KG","img":"https://fd8-photos.leclercdrive.fr/image.ashx?id=2867910&use=l&cat=p&typeid=i","cat":293505},{"id":34718,"n":"Épinards à cuire Panier Primeur 400g","p":1.99,"u":"4,98 €/KG","img":"https://fd8-photos.leclercdrive.fr/image.ashx?id=2635538&use=l&cat=p&typeid=i","cat":284353},{"id":34763,"n":"Huile Cheveux Elsève Sublimateur Cheveu sec - 100ml","p":11.0,"u":"110,00 €/L","img":"https://fd8-photos.leclercdrive.fr/image.ashx?id=2870671&use=l&cat=p&typeid=i","cat":284608},{"id":34813,"n":"Thé Britley Citron - x25 - 40g","p":0.88,"u":"22,00 €/KG","img":"https://fd8-photos.leclercdrive.fr/image.ashx?id=2645948&use=l&cat=p&typeid=i","cat":293233},{"id":34839,"n":"Salade Pierre Martinet Lentilles et oignons - 300g","p":2.12,"u":"7,07 €/KG","img":"https://fd8-photos.leclercdrive.fr/image.ashx?id=2683034&use=l&cat=p&typeid=i","cat":333657},{"id":34845,"n":"IGP Vinaigre balsamique Maille 50cl","p":3.32,"u":"6,64 €/L","img":"https://fd8-photos.leclercdrive.fr/image.ashx?id=2866178&use=l&cat=p&typeid=i","cat":298543},{"id":34908,"n":"Fromage frais Petit Yoplait Nature 3.8%MG - 6x60g","p":1.39,"u":"3,86 €/KG","img":"https://fd8-photos.leclercdrive.fr/image.ashx?id=2811026&use=l&cat=p&typeid=i","cat":284409},{"id":34919,"n":"Fromage frais Petit Yoplait Nature 0%MG - 12x60g","p":2.39,"u":"3,32 €/KG","img":"https://fd8-photos.leclercdrive.fr/image.ashx?id=2811023&use=l&cat=p&typeid=i","cat":315000},{"id":34928,"n":"Bière blonde Falsbourg 4.2%vol. - 10x25cl","p":4.59,"u":"1,84 €/L","img":"https://fd8-photos.leclercdrive.fr/image.ashx?id=2637907&use=l&cat=p&typeid=i","cat":334873},{"id":34943,"n":"Blanc de poulet Fleury Michon rôti à la broche x4 - 120g","p":1.59,"u":"13,25 €/KG","img":"https://fd8-photos.leclercdrive.fr/image.ashx?id=2977288&use=l&cat=p&typeid=i","cat":316010},{"id":34952,"n":"Ratatouille à la Provençale NRT 650g","p":3.3,"u":"5,08 €/KG","img":"https://fd8-photos.leclercdrive.fr/image.ashx?id=2771390&use=l&cat=p&typeid=i","cat":312612},{"id":34964,"n":"Eau de source Cristaline 1,5L","p":0.19,"u":"0,13 €/L","img":"https://fd8-photos.leclercdrive.fr/image.ashx?id=2170628&use=l&cat=p&typeid=i","cat":284535},{"id":34975,"n":"Bière Cuvée des Trolls Blonde - 7.5%vol. - 75cl","p":5.39,"u":"7,19 €/L","img":"https://fd8-photos.leclercdrive.fr/image.ashx?id=2611083&use=l&cat=p&typeid=i","cat":334872},{"id":34982,"n":"Bûche chèvre Soignon 200g","p":2.29,"u":"11,45 €/KG","img":"https://fd8-photos.leclercdrive.fr/image.ashx?id=2995325&use=l&cat=p&typeid=i","cat":314031},{"id":34999,"n":"Nuggets Croustillant Père Dodu  Poulet x10 - 200g","p":2.46,"u":"12,30 €/KG","img":"https://fd8-photos.leclercdrive.fr/image.ashx?id=2956975&use=l&cat=p&typeid=i","cat":333684},{"id":35006,"n":"Aiguillettes canard Volandrie 210g","p":4.85,"u":"23,10 €/KG","img":"https://fd8-photos.leclercdrive.fr/image.ashx?id=2358351&use=l&cat=p&typeid=i","cat":284339},{"id":35010,"n":"Mélange safran Ducros 14 doses -  8.4g","p":1.9,"u":"237,50 €/KG","img":"https://fd8-photos.leclercdrive.fr/image.ashx?id=2486590&use=l&cat=p&typeid=i","cat":298297},{"id":35018,"n":"Bouillon de poule Jardin Bio' Bio cube sans huile palme - x8","p":1.35,"u":"16,88 €/KG","img":"https://fd8-photos.leclercdrive.fr/image.ashx?id=2535004&use=l&cat=p&typeid=i","cat":288379},{"id":35025,"n":"Infusion bio Jardin Bio' Verveine citronée x20 28g","p":1.76,"u":"62,86 €/KG","img":"https://fd8-photos.leclercdrive.fr/image.ashx?id=2985312&use=l&cat=p&typeid=i","cat":293234},{"id":35026,"n":"Concentré de tomate Jardin Bio Bio Double concentré - 200g","p":1.75,"u":"8,75 €/KG","img":"https://fd8-photos.leclercdrive.fr/image.ashx?id=2535469&use=l&cat=p&typeid=i","cat":288384},{"id":35027,"n":"Dessert fruitier bio Jardin Bio Pomme poire 680g","p":2.33,"u":"3,43 €/KG","img":"https://fd8-photos.leclercdrive.fr/image.ashx?id=2939877&use=l&cat=p&typeid=i","cat":284508},{"id":35031,"n":"Batonnets Fritelle Lay's Goût nature - 80g","p":0.75,"u":"9,38 €/KG","img":"https://fd8-photos.leclercdrive.fr/image.ashx?id=2140635&use=l&cat=p&typeid=i","cat":284449},{"id":35034,"n":"Eau minérale gazeuse Perrier  Canettes - 6x33cl","p":3.06,"u":"1,55 €/L","img":"https://fd8-photos.leclercdrive.fr/image.ashx?id=2672554&use=l&cat=p&typeid=i","cat":284536},{"id":35039,"n":"Dosettes café Plantation Corsé - x48 - 336g","p":4.95,"u":"14,73 €/KG","img":"https://fd8-photos.leclercdrive.fr/image.ashx?id=2622115&use=l&cat=p&typeid=i","cat":293238},{"id":35108,"n":"Bière blonde Affligem 6,7%vol. - 12x25cl","p":8.91,"u":"2,97 €/L","img":"https://fd8-photos.leclercdrive.fr/image.ashx?id=2639405&use=l&cat=p&typeid=i","cat":334852},{"id":35117,"n":"Riste d'aubergines provençale NRT - 650g","p":3.99,"u":"6,14 €/KG","img":"https://fd8-photos.leclercdrive.fr/image.ashx?id=2771387&use=l&cat=p&typeid=i","cat":284441},{"id":35138,"n":"Yaourt SMARTIES Vanille bonbons chocolat 4x120g","p":2.49,"u":"5,19 €/KG","img":"https://fd8-photos.leclercdrive.fr/image.ashx?id=2571038&use=l&cat=p&typeid=i","cat":284414},{"id":35146,"n":"Fromages râpé spécial Pizza  Les Croisés - 125g","p":1.62,"u":"12,96 €/KG","img":"https://fd8-photos.leclercdrive.fr/image.ashx?id=2946175&use=l&cat=p&typeid=i","cat":314035},{"id":35147,"n":"Fromage Cheddar Burger Les Croisés 20 Tranches - 340g","p":1.99,"u":"5,85 €/KG","img":"https://fd8-photos.leclercdrive.fr/image.ashx?id=2946844&use=l&cat=p&typeid=i","cat":314028},{"id":35148,"n":"Fromage Emmental Croque Les Croisés 20 Tranches - 340g","p":2.01,"u":"5,91 €/KG","img":"https://fd8-photos.leclercdrive.fr/image.ashx?id=2946850&use=l&cat=p&typeid=i","cat":314028},{"id":35159,"n":"Croco Haribo Sachet bonbons - 280g","p":1.45,"u":"5,18 €/KG","img":"https://fd8-photos.leclercdrive.fr/image.ashx?id=2446467&use=l&cat=p&typeid=i","cat":304250},{"id":35160,"n":"Croissants Pasquier x16 - 640g","p":3.89,"u":"6,08 €/KG","img":"https://fd8-photos.leclercdrive.fr/image.ashx?id=2853056&use=l&cat=p&typeid=i","cat":296366},{"id":35182,"n":"Boisson énergisante Monster Original - 50cl","p":1.34,"u":"2,68 €/L","img":"https://fd8-photos.leclercdrive.fr/image.ashx?id=2510163&use=l&cat=p&typeid=i","cat":284533},{"id":35183,"n":"Boisson énergisante Monster Original Canette - 4x50cl","p":6.08,"u":"3,04 €/L","img":"https://fd8-photos.leclercdrive.fr/image.ashx?id=2210242&use=l&cat=p&typeid=i","cat":284533},{"id":35185,"n":"Eau aromatisée Volvic Juicy Citronnade - 1,5L","p":1.55,"u":"1,03 €/L","img":"https://fd8-photos.leclercdrive.fr/image.ashx?id=3011008&use=l&cat=p&typeid=i","cat":284537},{"id":35230,"n":"Nonnettes de Dijon NRT Orange - 200g","p":3.99,"u":"19,95 €/KG","img":"https://fd8-photos.leclercdrive.fr/image.ashx?id=2622326&use=l&cat=p&typeid=i","cat":284493},{"id":35262,"n":"yaourt aux fruits bifidus activia 0%mg - 12x125g","p":5.25,"u":"3,50 €/KG","img":"https://fd8-photos.leclercdrive.fr/image.ashx?id=2741697&use=l&cat=p&typeid=i","cat":315000},{"id":35274,"n":"Cervelas Supérieur Herta 200g","p":2.19,"u":"10,95 €/KG","img":"https://fd8-photos.leclercdrive.fr/image.ashx?id=2310281&use=l&cat=p&typeid=i","cat":316012},{"id":35285,"n":"Petits muffins Bonne Maman Chocolat - 235g","p":2.75,"u":"11,70 €/KG","img":"https://fd8-photos.leclercdrive.fr/image.ashx?id=2744052&use=l&cat=p&typeid=i","cat":284495},{"id":35290,"n":"Blanc de dinde Tradilège 8 tranches 320g","p":3.45,"u":"10,78 €/KG","img":"https://fd8-photos.leclercdrive.fr/image.ashx?id=2925753&use=l&cat=p&typeid=i","cat":316010},{"id":35296,"n":"Filet poulet Tradilège rôti sans nitrite 4 tranches - 120g","p":1.89,"u":"15,75 €/KG","img":"https://fd8-photos.leclercdrive.fr/image.ashx?id=2989790&use=l&cat=p&typeid=i","cat":316010},{"id":35300,"n":"Jambon supérieur Tradilège À l'étouffée 6 tranches - 240g","p":2.97,"u":"12,38 €/KG","img":"https://fd8-photos.leclercdrive.fr/image.ashx?id=2991521&use=l&cat=p&typeid=i","cat":316009},{"id":35309,"n":"Beurre Tendre Elle&Vire Doux - 82% MG - 250g","p":2.96,"u":"11,84 €/KG","img":"https://fd8-photos.leclercdrive.fr/image.ashx?id=2765629&use=l&cat=p&typeid=i","cat":284379},{"id":35333,"n":"Bain de bouche Sanogyl Multi Protection - 500ml","p":5.25,"u":"10,50 €/L","img":"https://fd8-photos.leclercdrive.fr/image.ashx?id=2638256&use=l&cat=p&typeid=i","cat":284613},{"id":35358,"n":"Crème décolorante Expert Veet Visage et Corps 2x75ml","p":9.4,"u":"62,67 €/L","img":"https://fd8-photos.leclercdrive.fr/image.ashx?id=2909995&use=l&cat=p&typeid=i","cat":325351},{"id":35378,"n":"Lames Xtreme 3 Wilkinson x8","p":11.44,"u":"1,43 €/P","img":"https://fd8-photos.leclercdrive.fr/image.ashx?id=1898723&use=l&cat=p&typeid=i","cat":284616},{"id":35398,"n":"Eau Micellaire Garnier Peaux Sensibles - 400ml","p":2.89,"u":"7,23 €/L","img":"https://fd8-photos.leclercdrive.fr/image.ashx?id=2926593&use=l&cat=p&typeid=i","cat":284603},{"id":35418,"n":"Lingettes Demak'Up Peaux sensibles - x25","p":2.78,"u":"0,11 €/P","img":"https://fd8-photos.leclercdrive.fr/image.ashx?id=2981340&use=l&cat=p&typeid=i","cat":284603},{"id":35433,"n":"Tampons Doulys Compact Super plus - x20","p":2.6,"u":"0,13 €/P","img":"https://fd8-photos.leclercdrive.fr/image.ashx?id=2965509&use=l&cat=p&typeid=i","cat":284626},{"id":35530,"n":"Mouchoirs en papier Lotus Boîte x1 - 80 mouchoirs","p":1.55,"u":"0,02 €/P","img":"https://fd8-photos.leclercdrive.fr/image.ashx?id=2867368&use=l&cat=p&typeid=i","cat":284638},{"id":35537,"n":"Recharge savon mains Palmolive Antibactérien -  250ml","p":0.59,"u":"2,36 €/L","img":"https://fd8-photos.leclercdrive.fr/image.ashx?id=2833180&use=l&cat=p&typeid=i","cat":284597},{"id":35646,"n":"Bière blonde Falsbourg Canette - 4.2%vol. - 50cl","p":0.69,"u":"1,38 €/L","img":"https://fd8-photos.leclercdrive.fr/image.ashx?id=2637904&use=l&cat=p&typeid=i","cat":334853},{"id":35647,"n":"Bière blonde Falsbourg Canette - 4.2%vol. - 6x33cl","p":2.69,"u":"1,36 €/L","img":"https://fd8-photos.leclercdrive.fr/image.ashx?id=2637913&use=l&cat=p&typeid=i","cat":334853},{"id":35649,"n":"Petits boudins créole Tradilège Au piment de Cayenne - 300g","p":3.44,"u":"11,47 €/KG","img":"https://fd8-photos.leclercdrive.fr/image.ashx?id=2651810&use=l&cat=p&typeid=i","cat":316012},{"id":35679,"n":"IGP Ardèche rosé Chantelauze - 13% vol - 75cl","p":2.27,"u":"3,03 €/L","img":"https://fd8-photos.leclercdrive.fr/image.ashx?id=2020836&use=l&cat=p&typeid=i","cat":289558},{"id":35716,"n":"Gourdes Goûters lactés Délisse Vanille - 4x85g","p":1.81,"u":"5,32 €/KG","img":"https://fd8-photos.leclercdrive.fr/image.ashx?id=2681427&use=l&cat=p&typeid=i","cat":284506},{"id":35720,"n":"Barquette chat Sheba Poissons en terrine - 12x85g","p":6.19,"u":"6,07 €/KG","img":"https://fd8-photos.leclercdrive.fr/image.ashx?id=2759637&use=l&cat=p&typeid=i","cat":285286},{"id":35727,"n":"Spécialité au soja nature Nat & Vie - 6x100g","p":1.62,"u":"4,05 €/P","img":"https://fd8-photos.leclercdrive.fr/image.ashx?id=2901452&use=l&cat=p&typeid=i","cat":316071},{"id":35728,"n":"Spécialité au soja Nat & Vie Framboise-passion 4x100g","p":1.42,"u":"3,55 €/KG","img":"https://fd8-photos.leclercdrive.fr/image.ashx?id=2901455&use=l&cat=p&typeid=i","cat":316071},{"id":35729,"n":"Tiramisu Délisse Au café - 4x80g","p":2.49,"u":"7,78 €/KG","img":"https://fd8-photos.leclercdrive.fr/image.ashx?id=2694103&use=l&cat=p&typeid=i","cat":284419},{"id":35730,"n":"Crème dessert Délisse Vanille Billes 3 chocolats 4x117g","p":2.15,"u":"4,59 €/KG","img":"https://fd8-photos.leclercdrive.fr/image.ashx?id=2965503&use=l&cat=p&typeid=i","cat":285041},{"id":35731,"n":"Crème dessert Chocolat Délisse Mix'n croc color 4x120g","p":2.09,"u":"4,35 €/KG","img":"https://fd8-photos.leclercdrive.fr/image.ashx?id=2965506&use=l&cat=p&typeid=i","cat":285041},{"id":35735,"n":"Bière blanche Hilbörg Canette - 4.5%vol. - 50cl","p":0.99,"u":"1,98 €/L","img":"https://fd8-photos.leclercdrive.fr/image.ashx?id=2913693&use=l&cat=p&typeid=i","cat":334853},{"id":35760,"n":"Céréales Miel Pops Kellogg's 620g","p":3.27,"u":"5,27 €/KG","img":"https://fd8-photos.leclercdrive.fr/image.ashx?id=2596952&use=l&cat=p&typeid=i","cat":309513},{"id":35761,"n":"Céréales Frosties Kellogg's 620g","p":3.42,"u":"5,52 €/KG","img":"https://fd8-photos.leclercdrive.fr/image.ashx?id=2589768&use=l&cat=p&typeid=i","cat":309513},{"id":35788,"n":"Café Soluble Nescafé 200g","p":6.09,"u":"30,45 €/KG","img":"https://fd8-photos.leclercdrive.fr/image.ashx?id=2810627&use=l&cat=p&typeid=i","cat":284843},{"id":35790,"n":"Nettoyant ménager Uni Vert Multi-surfaces 1L","p":1.53,"u":"1,53 €/L","img":"https://fd8-photos.leclercdrive.fr/image.ashx?id=2520837&use=l&cat=p&typeid=i","cat":284907},{"id":35791,"n":"Flammekueche d'Alsace NRT 600g","p":4.35,"u":"7,25 €/KG","img":"https://fd8-photos.leclercdrive.fr/image.ashx?id=2743894&use=l&cat=p&typeid=i","cat":333680},{"id":35815,"n":"Matière grasse St Hubert  Omega 3 - 52% MG - 255g","p":2.08,"u":"8,16 €/KG","img":"https://fd8-photos.leclercdrive.fr/image.ashx?id=2734093&use=l&cat=p&typeid=i","cat":315229},{"id":35816,"n":"Matière grasse St Hubert Omega3 52% MG - demi-sel - 255g","p":2.65,"u":"10,39 €/KG","img":"https://fd8-photos.leclercdrive.fr/image.ashx?id=2734096&use=l&cat=p&typeid=i","cat":315229},{"id":35820,"n":"Liquide pour cuisson Rustica végétal - 500ml","p":2.09,"u":"4,18 €/L","img":"https://fd8-photos.leclercdrive.fr/image.ashx?id=2903950&use=l&cat=p&typeid=i","cat":315229},{"id":35822,"n":"Roquefort AOP Bio Bio village - 100g","p":2.89,"u":"28,90 €/KG","img":"https://fd8-photos.leclercdrive.fr/image.ashx?id=2646023&use=l&cat=p&typeid=i","cat":314032},{"id":35823,"n":"Roquefort AOP en portions Les Croisés - 25gx4 -100g","p":2.31,"u":"23,10 €/KG","img":"https://fd8-photos.leclercdrive.fr/image.ashx?id=2645945&use=l&cat=p&typeid=i","cat":314032},{"id":35825,"n":"Fromage Pavé d'Affinois Original - 200g","p":2.55,"u":"12,75 €/KG","img":"https://fd8-photos.leclercdrive.fr/image.ashx?id=3002078&use=l&cat=p&typeid=i","cat":314033},{"id":35830,"n":"Yaourt La Laitière   Fruits panachés - 8x125g","p":3.85,"u":"3,85 €/KG","img":"https://fd8-photos.leclercdrive.fr/image.ashx?id=2744590&use=l&cat=p&typeid=i","cat":286006},{"id":35833,"n":"Yaourt La Laitière Citron - 4x125g","p":1.99,"u":"3,98 €/KG","img":"https://fd8-photos.leclercdrive.fr/image.ashx?id=2904065&use=l&cat=p&typeid=i","cat":286006},{"id":35838,"n":"Yaourts nature Vrai Bio - 4x125g","p":1.39,"u":"2,78 €/KG","img":"https://fd8-photos.leclercdrive.fr/image.ashx?id=2360707&use=l&cat=p&typeid=i","cat":284409},{"id":35846,"n":"Yaourt à boire Délisse Vanille - 850g","p":1.49,"u":"1,75 €/KG","img":"https://fd8-photos.leclercdrive.fr/image.ashx?id=2775890&use=l&cat=p&typeid=i","cat":284415},{"id":35847,"n":"Yaourt à boire Délisse Framboise - 850g","p":1.35,"u":"1,59 €/KG","img":"https://fd8-photos.leclercdrive.fr/image.ashx?id=2777797&use=l&cat=p&typeid=i","cat":284415},{"id":35848,"n":"Yaourt à boire Délisse Fraise - 850g","p":1.49,"u":"1,75 €/P","img":"https://fd8-photos.leclercdrive.fr/image.ashx?id=2796529&use=l&cat=p&typeid=i","cat":284415},{"id":35906,"n":"Gourdes Goûters lactés Délisse Chocolat - 4x85g","p":1.75,"u":"5,15 €/KG","img":"https://fd8-photos.leclercdrive.fr/image.ashx?id=2681424&use=l&cat=p&typeid=i","cat":284506},{"id":35907,"n":"Cassoulet mitonné   William Saurin - 840g","p":2.99,"u":"3,56 €/KG","img":"https://fd8-photos.leclercdrive.fr/image.ashx?id=2890148&use=l&cat=p&typeid=i","cat":284440},{"id":35908,"n":"Cassoulet mitonné   William Saurin - 420g","p":1.99,"u":"4,74 €/KG","img":"https://fd8-photos.leclercdrive.fr/image.ashx?id=2890151&use=l&cat=p&typeid=i","cat":284441},{"id":35917,"n":"Bière blonde Forte Extra Strong Canette - 8.4%vol. - 50cl","p":1.15,"u":"2,30 €/L","img":"https://fd8-photos.leclercdrive.fr/image.ashx?id=2927998&use=l&cat=p&typeid=i","cat":334853},{"id":35918,"n":"Jus de pomme Jafaden A base de concentré - 6x20cl","p":1.32,"u":"1,10 €/L","img":"https://fd8-photos.leclercdrive.fr/image.ashx?id=2949185&use=l&cat=p&typeid=i","cat":284524},{"id":35919,"n":"Jus de raisin Jafaden Briquettes - 6x20cl","p":2.46,"u":"2,05 €/L","img":"https://fd8-photos.leclercdrive.fr/image.ashx?id=2989935&use=l&cat=p&typeid=i","cat":284915},{"id":35921,"n":"Pur jus de pomme Jafaden 1,5L","p":1.48,"u":"0,99 €/L","img":"https://fd8-photos.leclercdrive.fr/image.ashx?id=1936641&use=l&cat=p&typeid=i","cat":284522},{"id":35922,"n":"Bière blonde Forte Extra Strong Canette - 10%vol - 50cl","p":1.19,"u":"2,38 €/L","img":"https://fd8-photos.leclercdrive.fr/image.ashx?id=2928004&use=l&cat=p&typeid=i","cat":334853},{"id":35954,"n":"AOC Buzet vin rosé Terrasses d'Autan - BIB 3L","p":12.99,"u":"4,33 €/L","img":"https://fd8-photos.leclercdrive.fr/image.ashx?id=2202410&use=l&cat=p&typeid=i","cat":289560},{"id":35995,"n":"Lait de toilette Mots d'Enfants Bio - 250ml","p":2.35,"u":"9,40 €/L","img":"https://fd8-photos.leclercdrive.fr/image.ashx?id=2485080&use=l&cat=p&typeid=i","cat":284741},{"id":36009,"n":"Bâtonnets Trium Vanille Amandes x4 - 314g","p":2.05,"u":"6,53 €/KG","img":"https://fd8-photos.leclercdrive.fr/image.ashx?id=2931775&use=l&cat=p&typeid=i","cat":284265},{"id":36010,"n":"Bâtonnets Trium Vanille chocolat blanc x4 -308g","p":2.59,"u":"8,41 €/KG","img":"https://fd8-photos.leclercdrive.fr/image.ashx?id=2920776&use=l&cat=p&typeid=i","cat":284265},{"id":36037,"n":"Crème UHT Elle&Vire Fluide Entière - 30% MG - 3x20cl","p":3.29,"u":"5,48 €/L","img":"https://fd8-photos.leclercdrive.fr/image.ashx?id=3008551&use=l&cat=p&typeid=i","cat":284381},{"id":36039,"n":"Crème légère fluide UHT Délisse 12%mg - 3x20cl","p":1.84,"u":"3,07 €/L","img":"https://fd8-photos.leclercdrive.fr/image.ashx?id=2909392&use=l&cat=p&typeid=i","cat":284381},{"id":36040,"n":"Spécialité laitière UHT Délisse Semi-épaisse 4%mg - 3x20cl","p":2.21,"u":"3,68 €/L","img":"https://fd8-photos.leclercdrive.fr/image.ashx?id=3002599&use=l&cat=p&typeid=i","cat":284381},{"id":36041,"n":"Crème semi-épaisse entière UHT Délisse 30%mg - 3x20cl","p":3.5,"u":"5,83 €/L","img":"https://fd8-photos.leclercdrive.fr/image.ashx?id=2494099&use=l&cat=p&typeid=i","cat":284381},{"id":36077,"n":"Lait de toilette bébé Eco+ 300ml","p":1.07,"u":"3,57 €/L","img":"https://fd8-photos.leclercdrive.fr/image.ashx?id=2690862&use=l&cat=p&typeid=i","cat":284741},{"id":36194,"n":"Dés de jambon Tradilège Maxi format 2x125g","p":2.47,"u":"9,88 €/KG","img":"https://fd8-photos.leclercdrive.fr/image.ashx?id=2970465&use=l&cat=p&typeid=i","cat":316011},{"id":36197,"n":"Truite fumée Landvika Mini tranches - 100g","p":3.33,"u":"33,30 €/KG","img":"https://fd8-photos.leclercdrive.fr/image.ashx?id=2159415&use=l&cat=p&typeid=i","cat":285188},{"id":36198,"n":"Lardons supérieurs Tradilège Fumés maxi format 2x200g","p":3.41,"u":"8,53 €/KG","img":"https://fd8-photos.leclercdrive.fr/image.ashx?id=2921381&use=l&cat=p&typeid=i","cat":316011},{"id":36200,"n":"Coton Démaquillant Eco+ Prédécoupé - 200g","p":1.57,"u":"7,85 €/KG","img":"https://fd8-photos.leclercdrive.fr/image.ashx?id=2724535&use=l&cat=p&typeid=i","cat":285593},{"id":36201,"n":"Crème hydratante Eco+ Visage et corps - 250ml","p":1.59,"u":"6,36 €/L","img":"https://fd8-photos.leclercdrive.fr/image.ashx?id=2487410&use=l&cat=p&typeid=i","cat":325350},{"id":36202,"n":"Recharge crème lavante Eco+ Amande miel - 750ml","p":1.11,"u":"1,48 €/L","img":"https://fd8-photos.leclercdrive.fr/image.ashx?id=2933295&use=l&cat=p&typeid=i","cat":284597},{"id":36206,"n":"Mousse à raser hydratante Eco+ Peaux normales - 300ml","p":0.85,"u":"2,83 €/L","img":"https://fd8-photos.leclercdrive.fr/image.ashx?id=2422683&use=l&cat=p&typeid=i","cat":284617},{"id":36267,"n":"Noix St Jacques NRT de Normandie - 300g","p":16.95,"u":"56,50 €/KG","img":"https://fd8-photos.leclercdrive.fr/image.ashx?id=2699819&use=l&cat=p&typeid=i","cat":319787},{"id":36270,"n":"Soufflés ExtraTerrestres Tokapi Salé - 80g","p":0.79,"u":"9,88 €/KG","img":"https://fd8-photos.leclercdrive.fr/image.ashx?id=1932960&use=l&cat=p&typeid=i","cat":284449},{"id":36308,"n":"Shampooing Nateïs Camomille abricot - 250ml","p":1.39,"u":"5,56 €/L","img":"https://fd8-photos.leclercdrive.fr/image.ashx?id=1886499&use=l&cat=p&typeid=i","cat":284606},{"id":36309,"n":"Shampooing Nateïs Cranberry Huile de jojoba 250ml","p":1.4,"u":"5,60 €/L","img":"https://fd8-photos.leclercdrive.fr/image.ashx?id=1905491&use=l&cat=p&typeid=i","cat":284606},{"id":36310,"n":"Shampooing Nateïs Argile Pamplemousse - 250ml","p":1.39,"u":"5,56 €/L","img":"https://fd8-photos.leclercdrive.fr/image.ashx?id=1962963&use=l&cat=p&typeid=i","cat":284606},{"id":36311,"n":"Shampooing Nateïs Huile d'argan - 250ml","p":1.29,"u":"5,16 €/L","img":"https://fd8-photos.leclercdrive.fr/image.ashx?id=2626796&use=l&cat=p&typeid=i","cat":284606},{"id":36312,"n":"Shampooing Nateïs Henné / Cassis - 250ml","p":1.57,"u":"6,28 €/L","img":"https://fd8-photos.leclercdrive.fr/image.ashx?id=2626793&use=l&cat=p&typeid=i","cat":284606},{"id":36313,"n":"Shampooing extra-doux Nateïs Karité / Huile d'avocat - 250ml","p":1.39,"u":"5,56 €/L","img":"https://fd8-photos.leclercdrive.fr/image.ashx?id=1905494&use=l&cat=p&typeid=i","cat":284606},{"id":36314,"n":"Shampooing Nateïs Fleur de tilleul pomme verte - 250ml","p":1.27,"u":"5,08 €/L","img":"https://fd8-photos.leclercdrive.fr/image.ashx?id=1898913&use=l&cat=p&typeid=i","cat":284606},{"id":36317,"n":"Dessert fruitier pomme Douceur Verger s/sucre 8x100g","p":1.99,"u":"2,49 €/KG","img":"https://fd8-photos.leclercdrive.fr/image.ashx?id=1957093&use=l&cat=p&typeid=i","cat":284416},{"id":36346,"n":"Rondelé au Bleu d'Aveyron 125g","p":2.01,"u":"16,08 €/KG","img":"https://fd8-photos.leclercdrive.fr/image.ashx?id=2877751&use=l&cat=p&typeid=i","cat":314029},{"id":36347,"n":"Rondelé aux Noix 125g","p":1.85,"u":"14,80 €/KG","img":"https://fd8-photos.leclercdrive.fr/image.ashx?id=2967732&use=l&cat=p&typeid=i","cat":314029},{"id":36348,"n":"Papier aluminium Alfapac Gaufré - Rouleau 20m","p":3.5,"img":"https://fd8-photos.leclercdrive.fr/image.ashx?id=2870446&use=l&cat=p&typeid=i","cat":334134},{"id":36349,"n":"Aluminium rouleau Alfapac Gaufré - 50m - 1 pièce","p":5.45,"img":"https://fd8-photos.leclercdrive.fr/image.ashx?id=2918691&use=l&cat=p&typeid=i","cat":334134},{"id":36354,"n":"Crème hydratante Mots d'Enfants Bio visage et corps - 75ml","p":2.19,"u":"29,20 €/L","img":"https://fd8-photos.leclercdrive.fr/image.ashx?id=3015078&use=l&cat=p&typeid=i","cat":284741},{"id":36355,"n":"Compote Douceur du Verger  Pomme Rhubarbe - 4x100g","p":1.28,"u":"3,20 €/KG","img":"https://fd8-photos.leclercdrive.fr/image.ashx?id=2554581&use=l&cat=p&typeid=i","cat":284416},{"id":36356,"n":"Compote Douceur du Verger Pomme Framboise - 4x100g","p":1.46,"u":"3,65 €/KG","img":"https://fd8-photos.leclercdrive.fr/image.ashx?id=724744&use=l&cat=p&typeid=i","cat":284416},{"id":36388,"n":"Bière ambrée corse Pietra 6° - 6x25cl","p":7.22,"u":"4,81 €/L","img":"https://fd8-photos.leclercdrive.fr/image.ashx?id=3011464&use=l&cat=p&typeid=i","cat":334872},{"id":36394,"n":"Yaourt aromatisé aux Fruits Panachés Frulos - 16x125g","p":3.34,"u":"1,67 €/KG","img":"https://fd8-photos.leclercdrive.fr/image.ashx?id=2799895&use=l&cat=p&typeid=i","cat":286006},{"id":36395,"n":"Yaourt Nature Sucré Yoplait - 12x125g","p":2.99,"u":"1,99 €/KG","img":"https://fd8-photos.leclercdrive.fr/image.ashx?id=2796827&use=l&cat=p&typeid=i","cat":284409},{"id":36396,"n":"Gâteau fourré Mini BN Chocolat 175g","p":1.89,"u":"10,80 €/KG","img":"https://fd8-photos.leclercdrive.fr/image.ashx?id=2746854&use=l&cat=p&typeid=i","cat":284488},{"id":36397,"n":"Biscuits Mini BN Goûter à la fraise - 175g","p":1.55,"u":"8,86 €/KG","img":"https://fd8-photos.leclercdrive.fr/image.ashx?id=2748212&use=l&cat=p&typeid=i","cat":284489},{"id":36399,"n":"Pizza La Pizz Sodebo Chèvre lardons - 470g","p":4.18,"u":"8,89 €/KG","img":"https://fd8-photos.leclercdrive.fr/image.ashx?id=2851494&use=l&cat=p&typeid=i","cat":333679},{"id":36400,"n":"Pizza La Pizz Sodebo 4 fromages - 470g","p":3.65,"u":"7,77 €/KG","img":"https://fd8-photos.leclercdrive.fr/image.ashx?id=2905366&use=l&cat=p&typeid=i","cat":333679},{"id":36401,"n":"Pizza Dolce Sodebo 4 fromaggi - 380g","p":4.55,"u":"11,97 €/KG","img":"https://fd8-photos.leclercdrive.fr/image.ashx?id=2921636&use=l&cat=p&typeid=i","cat":333679},{"id":36402,"n":"Pizza Dolce Sodebo Prosciutto Jambon Mozza - 400g","p":3.69,"u":"9,23 €/KG","img":"https://fd8-photos.leclercdrive.fr/image.ashx?id=2919277&use=l&cat=p&typeid=i","cat":333679},{"id":36403,"n":"Pizza Dolce Sodebo Campanella Jambon Speck - 380g","p":3.95,"u":"10,39 €/KG","img":"https://fd8-photos.leclercdrive.fr/image.ashx?id=2921639&use=l&cat=p&typeid=i","cat":333679},{"id":36404,"n":"Pizza Dolce Sodebo Regina Jambon Champignons 400g","p":3.89,"u":"9,73 €/KG","img":"https://fd8-photos.leclercdrive.fr/image.ashx?id=3008251&use=l&cat=p&typeid=i","cat":333679},{"id":36412,"n":"Compote Douceur du Verger Coupelle pomme - 16x100g","p":3.09,"u":"1,93 €/KG","img":"https://fd8-photos.leclercdrive.fr/image.ashx?id=2663512&use=l&cat=p&typeid=i","cat":284508},{"id":36414,"n":"Compote Douceur du Verger Coupelle pomme - 8x100g","p":1.89,"u":"2,36 €/KG","img":"https://fd8-photos.leclercdrive.fr/image.ashx?id=2663506&use=l&cat=p&typeid=i","cat":284508},{"id":36416,"n":"Compote Douceur du Verger Coupelle pomme rhubarbe -4x100g","p":1.3,"u":"3,25 €/KG","img":"https://fd8-photos.leclercdrive.fr/image.ashx?id=2663521&use=l&cat=p&typeid=i","cat":284508},{"id":36417,"n":"Compote Douceur du Verger Gourdes multivariétés - 4x90g","p":1.69,"u":"4,69 €/KG","img":"https://fd8-photos.leclercdrive.fr/image.ashx?id=2805030&use=l&cat=p&typeid=i","cat":284508},{"id":36418,"n":"Compote Douceur du Verger Gourdes Pomme Poire - 4x90g","p":1.49,"u":"4,14 €/KG","img":"https://fd8-photos.leclercdrive.fr/image.ashx?id=2837054&use=l&cat=p&typeid=i","cat":284508},{"id":36419,"n":"Compote Douceur du Verger Coupelle pomme - 4x100g","p":0.99,"u":"2,48 €/KG","img":"https://fd8-photos.leclercdrive.fr/image.ashx?id=2663524&use=l&cat=p&typeid=i","cat":284508},{"id":36424,"n":"Brownie P'tit Deli Chocolat noisette 285g","p":1.85,"u":"6,49 €/KG","img":"https://fd8-photos.leclercdrive.fr/image.ashx?id=2892055&use=l&cat=p&typeid=i","cat":294776},{"id":36437,"n":"Friandises pour chien Lydog Assortiment sticks - x15 126g","p":1.33,"u":"10,56 €/KG","img":"https://fd8-photos.leclercdrive.fr/image.ashx?id=1947271&use=l&cat=p&typeid=i","cat":294527},{"id":36438,"n":"Sticks dentaires Lydog Petit chien - x7 110g","p":0.99,"u":"9,00 €/KG","img":"https://fd8-photos.leclercdrive.fr/image.ashx?id=1878604&use=l&cat=p&typeid=i","cat":294527},{"id":36440,"n":"Sticks dentaires Lydog Grand chien - x7 - 270g","p":2.09,"u":"7,74 €/KG","img":"https://fd8-photos.leclercdrive.fr/image.ashx?id=1947274&use=l&cat=p&typeid=i","cat":294527},{"id":36441,"n":"Aiguillettes poulet Tradilège Rôti - 2x75g","p":2.07,"u":"13,80 €/KG","img":"https://fd8-photos.leclercdrive.fr/image.ashx?id=2994375&use=l&cat=p&typeid=i","cat":316011},{"id":36445,"n":"Râpé de jambon Tradilège Fumé - 150g","p":1.79,"u":"11,93 €/KG","img":"https://fd8-photos.leclercdrive.fr/image.ashx?id=2970468&use=l&cat=p&typeid=i","cat":316011},{"id":36454,"n":"Pastilles NRT  Du Bassin de Vichy - 230g","p":0.98,"u":"4,26 €/KG","img":"https://fd8-photos.leclercdrive.fr/image.ashx?id=1646510&use=l&cat=p&typeid=i","cat":304252},{"id":36475,"n":"Thé glacé Fresh Tea Pêche - 6x25cl","p":2.85,"u":"1,90 €/L","img":"https://fd8-photos.leclercdrive.fr/image.ashx?id=2622263&use=l&cat=p&typeid=i","cat":295019},{"id":36504,"n":"Pizza La Pizz Sodebo Jambon emmental - 470g","p":2.99,"u":"6,36 €/KG","img":"https://fd8-photos.leclercdrive.fr/image.ashx?id=2886786&use=l&cat=p&typeid=i","cat":333679},{"id":36633,"n":"Glace Cône Nestlé Extrême Crème brulée x6 - 426g","p":3.22,"u":"7,56 €/KG","img":"https://fd8-photos.leclercdrive.fr/image.ashx?id=2831672&use=l&cat=p&typeid=i","cat":284264},{"id":36649,"n":"Infusion Tiséa pomme cannelle 25 sachets 55g","p":1.38,"u":"25,09 €/KG","img":"https://fd8-photos.leclercdrive.fr/image.ashx?id=1729332&use=l&cat=p&typeid=i","cat":293234},{"id":36650,"n":"Barres céréales Bio Village Bio Fraise x6 125g","p":1.79,"u":"14,32 €/KG","img":"https://fd8-photos.leclercdrive.fr/image.ashx?id=2807306&use=l&cat=p&typeid=i","cat":285869},{"id":36651,"n":"Barres céréales Bio Village Bio Chocolat noir x6 125g","p":1.95,"u":"15,60 €/KG","img":"https://fd8-photos.leclercdrive.fr/image.ashx?id=2807309&use=l&cat=p&typeid=i","cat":285869},{"id":36656,"n":"Soupe liquide Liebig  Velouté 10 légumes - Brique 1L","p":1.7,"u":"1,70 €/L","img":"https://fd8-photos.leclercdrive.fr/image.ashx?id=2892133&use=l&cat=p&typeid=i","cat":284462},{"id":36658,"n":"Soupe liquide Liebig  Mouliné 10 légumes - Brique 1L","p":1.95,"u":"1,95 €/L","img":"https://fd8-photos.leclercdrive.fr/image.ashx?id=2651396&use=l&cat=p&typeid=i","cat":284462},{"id":36666,"n":"Miel Languedoc-Roussillon Nos Régions ont du Talent 375g","p":5.99,"u":"15,97 €/KG","img":"https://fd8-photos.leclercdrive.fr/image.ashx?id=2771402&use=l&cat=p&typeid=i","cat":287643},{"id":36672,"n":"Repas Babybio Bio Dinde haricots verts 230g","p":1.76,"u":"7,65 €/KG","img":"https://fd8-photos.leclercdrive.fr/image.ashx?id=2859353&use=l&cat=p&typeid=i","cat":312237},{"id":36682,"n":"Aluminium Elembal Extra 20m","p":2.69,"u":"0,13 €/MT","img":"https://fd8-photos.leclercdrive.fr/image.ashx?id=2940908&use=l&cat=p&typeid=i","cat":334134},{"id":36704,"n":"Sucre en morceaux Daddy Demi-morceaux rond - 750g","p":1.98,"u":"2,64 €/KG","img":"https://fd8-photos.leclercdrive.fr/image.ashx?id=2907947&use=l&cat=p&typeid=i","cat":284502},{"id":36706,"n":"Sucre glace Daddy Sachet 1kg","p":2.65,"u":"2,65 €/KG","img":"https://fd8-photos.leclercdrive.fr/image.ashx?id=2973589&use=l&cat=p&typeid=i","cat":284502},{"id":36707,"n":"Sirop d'agave Bio Daddy 360g","p":3.35,"u":"9,31 €/KG","img":"https://fd8-photos.leclercdrive.fr/image.ashx?id=2480210&use=l&cat=p&typeid=i","cat":287643},{"id":36710,"n":"Sucre canne Béghin Say Pure - en morceaux - 750g","p":2.79,"u":"3,72 €/KG","img":"https://fd8-photos.leclercdrive.fr/image.ashx?id=2948830&use=l&cat=p&typeid=i","cat":284502},{"id":36711,"n":"Sucre cassonade Béghin Say En poudre - 750g","p":2.75,"u":"3,67 €/KG","img":"https://fd8-photos.leclercdrive.fr/image.ashx?id=2949928&use=l&cat=p&typeid=i","cat":284502},{"id":36720,"n":"Haricots blancs à la tomate 400 g","p":0.75,"u":"1,88 €/KG","img":"https://fd8-photos.leclercdrive.fr/image.ashx?id=2988078&use=l&cat=p&typeid=i","cat":312606},{"id":36721,"n":"Lait chat et chaton Whiskas 3x200ml","p":2.75,"u":"4,58 €/L","img":"https://fd8-photos.leclercdrive.fr/image.ashx?id=2759670&use=l&cat=p&typeid=i","cat":285285},{"id":36756,"n":"Haricots Blancs à la tomate 800g","p":1.08,"u":"1,35 €/KG","img":"https://fd8-photos.leclercdrive.fr/image.ashx?id=2988075&use=l&cat=p&typeid=i","cat":312606},{"id":36811,"n":"Chewing-gum Freedent Fraise 5x10 dragées 70g","p":2.13,"u":"30,43 €/KG","img":"https://fd8-photos.leclercdrive.fr/image.ashx?id=2325485&use=l&cat=p&typeid=i","cat":304251},{"id":36819,"n":"Chocolat Noir After Eight Fourré Menthe - 300g","p":5.79,"u":"19,30 €/KG","img":"https://fd8-photos.leclercdrive.fr/image.ashx?id=2348782&use=l&cat=p&typeid=i","cat":284499},{"id":36825,"n":"Tablette chocolat Minis Milka Chocolat au lait - 200g","p":3.77,"u":"18,85 €/KG","img":"https://fd8-photos.leclercdrive.fr/image.ashx?id=2188521&use=l&cat=p&typeid=i","cat":284497},{"id":36833,"n":"BB Crème teintée médium Inell Hydratante 5 en 1 - 50ml","p":3.45,"u":"69,00 €/L","img":"https://fd8-photos.leclercdrive.fr/image.ashx?id=2822120&use=l&cat=p&typeid=i","cat":325345},{"id":36834,"n":"BB Crème teintée clair Inell  Hydratante 5en1 - 50ml","p":3.45,"u":"69,00 €/L","img":"https://fd8-photos.leclercdrive.fr/image.ashx?id=2822123&use=l&cat=p&typeid=i","cat":325345},{"id":36835,"n":"Crochets anti-mites Insectivor Lavande 2x3ml","p":1.69,"u":"0,85 €/P","img":"https://fd8-photos.leclercdrive.fr/image.ashx?id=1899690&use=l&cat=p&typeid=i","cat":298368},{"id":36847,"n":"Tablette chocolat Milka Chocolat au lait/Oreo - 2x100g","p":3.39,"u":"16,95 €/KG","img":"https://fd8-photos.leclercdrive.fr/image.ashx?id=2382321&use=l&cat=p&typeid=i","cat":284497},{"id":36849,"n":"Recharges plumeaux Clair Jetables x10","p":4.46,"u":"0,45 €/P","img":"https://fd8-photos.leclercdrive.fr/image.ashx?id=2832948&use=l&cat=p&typeid=i","cat":325364},{"id":36878,"n":"IGP Côtes de Gascogne moelleux Terrasses d'Autan 11.5% - 75cl","p":3.99,"u":"5,32 €/L","img":"https://fd8-photos.leclercdrive.fr/image.ashx?id=2756870&use=l&cat=p&typeid=i","cat":289557},{"id":36886,"n":"Miel de montagne L'Apiculteur Crémeux - 500g","p":5.45,"u":"10,90 €/KG","img":"https://fd8-photos.leclercdrive.fr/image.ashx?id=2310926&use=l&cat=p&typeid=i","cat":287643},{"id":36903,"n":"Lentilles vertes NRT Du Centre-Val-de-Loire - 500g","p":1.99,"u":"3,98 €/KG","img":"https://fd8-photos.leclercdrive.fr/image.ashx?id=2771399&use=l&cat=p&typeid=i","cat":284430},{"id":36917,"n":"Canistrelli Corse NRT Amandes - 300g","p":3.65,"u":"12,17 €/KG","img":"https://fd8-photos.leclercdrive.fr/image.ashx?id=2954490&use=l&cat=p&typeid=i","cat":284487},{"id":36919,"n":"Rillettes de thon blanc NRT Au sel de Guérande - 125g","p":2.19,"u":"17,52 €/KG","img":"https://fd8-photos.leclercdrive.fr/image.ashx?id=2775451&use=l&cat=p&typeid=i","cat":303867},{"id":36920,"n":"Protège-slips Doulys Ultra-mince - Large - x30","p":0.82,"u":"0,03 €/P","img":"https://fd8-photos.leclercdrive.fr/image.ashx?id=2847967&use=l&cat=p&typeid=i","cat":284625},{"id":37030,"n":"Farine suprême Francine 1kg","p":1.79,"u":"1,79 €/KG","img":"https://fd8-photos.leclercdrive.fr/image.ashx?id=2902654&use=l&cat=p&typeid=i","cat":284503},{"id":37031,"n":"Huile d'olive Puget Vierge extra - 1,5L","p":18.99,"u":"12,66 €/L","img":"https://fd8-photos.leclercdrive.fr/image.ashx?id=2144452&use=l&cat=p&typeid=i","cat":284453},{"id":37033,"n":"Douceur Crème balsamique  Rustica - 25cl","p":1.79,"u":"7,16 €/L","img":"https://fd8-photos.leclercdrive.fr/image.ashx?id=2781877&use=l&cat=p&typeid=i","cat":284456},{"id":37049,"n":"Sauce Samourai Amora 255g","p":1.82,"u":"8,09 €/KG","img":"https://fd8-photos.leclercdrive.fr/image.ashx?id=2893838&use=l&cat=p&typeid=i","cat":318431},{"id":37053,"n":"Sucre pure canne Beghin Say Petits morceaux - 1kg","p":3.65,"u":"3,65 €/KG","img":"https://fd8-photos.leclercdrive.fr/image.ashx?id=2949922&use=l&cat=p&typeid=i","cat":284502},{"id":37054,"n":"Sucre pure canne Beghin Say Morceaux - 1kg","p":3.18,"u":"3,18 €/KG","img":"https://fd8-photos.leclercdrive.fr/image.ashx?id=2978688&use=l&cat=p&typeid=i","cat":284502},{"id":37107,"n":"Gel lavant mains Manava Spécial cuisine - 300ml","p":0.99,"u":"3,30 €/L","img":"https://fd8-photos.leclercdrive.fr/image.ashx?id=2355151&use=l&cat=p&typeid=i","cat":284597},{"id":37149,"n":"Cookies Méga pépites P'tit Déli Chocolat noisettes 184g","p":1.51,"u":"8,21 €/KG","img":"https://fd8-photos.leclercdrive.fr/image.ashx?id=2116149&use=l&cat=p&typeid=i","cat":325066},{"id":37199,"n":"Poêlée Notre Jardin Parisienne 750g","p":2.24,"u":"2,99 €/KG","img":"https://fd8-photos.leclercdrive.fr/image.ashx?id=2865062&use=l&cat=p&typeid=i","cat":319823},{"id":37255,"n":"Céréales Extra Kellogg's Noisettes Caramelisées - 500g","p":4.46,"u":"8,92 €/KG","img":"https://fd8-photos.leclercdrive.fr/image.ashx?id=2736598&use=l&cat=p&typeid=i","cat":309512},{"id":37260,"n":"Boisson au thé Fresh Tea Citron vert - 1,5L","p":1.22,"u":"0,81 €/L","img":"https://fd8-photos.leclercdrive.fr/image.ashx?id=2622257&use=l&cat=p&typeid=i","cat":295019},{"id":37261,"n":"Boisson au thé Fresh Tea Mangue - 1,5L","p":1.24,"u":"0,83 €/L","img":"https://fd8-photos.leclercdrive.fr/image.ashx?id=2622260&use=l&cat=p&typeid=i","cat":295019},{"id":37262,"n":"Boisson au thé Fresh Tea Framboise - 1,5L","p":1.33,"u":"0,89 €/L","img":"https://fd8-photos.leclercdrive.fr/image.ashx?id=2622254&use=l&cat=p&typeid=i","cat":295019},{"id":37278,"n":"Orangina Pik Haribo Sachet bonbons acidulés - 250g","p":1.34,"u":"5,36 €/KG","img":"https://fd8-photos.leclercdrive.fr/image.ashx?id=2806090&use=l&cat=p&typeid=i","cat":304250},{"id":37281,"n":"Bonbons Longfizz Lutti 200g","p":1.14,"u":"5,70 €/KG","img":"https://fd8-photos.leclercdrive.fr/image.ashx?id=2962173&use=l&cat=p&typeid=i","cat":304250},{"id":37283,"n":"Compote bio Bio Village Pomme châtaigne - 4x100g","p":1.89,"u":"4,73 €/KG","img":"https://fd8-photos.leclercdrive.fr/image.ashx?id=725380&use=l&cat=p&typeid=i","cat":284416},{"id":37403,"n":"Sachet fraîcheur chien Pedigree  Mixte en sauce - 12x100g","p":5.15,"u":"4,29 €/KG","img":"https://fd8-photos.leclercdrive.fr/image.ashx?id=2870242&use=l&cat=p&typeid=i","cat":284673},{"id":37417,"n":"Boisson à base de vin rosé  Festalie - 75 cl","p":2.52,"u":"3,36 €/L","img":"https://fd8-photos.leclercdrive.fr/image.ashx?id=2774900&use=l&cat=p&typeid=i","cat":304569},{"id":37426,"n":"Bière blonde Kronenbourg 4,2° - 6x50cl canettes","p":6.3,"u":"2,10 €/L","img":"https://fd8-photos.leclercdrive.fr/image.ashx?id=2203508&use=l&cat=p&typeid=i","cat":334853},{"id":37436,"n":"Brosse à dents enfant Dentamyl Clignotante - Multicoloris x1","p":1.99,"img":"https://fd8-photos.leclercdrive.fr/image.ashx?id=1953648&use=l&cat=p&typeid=i","cat":288897},{"id":37438,"n":"Papier cuisson Elembal Rouleau 15m","p":1.79,"img":"https://fd8-photos.leclercdrive.fr/image.ashx?id=2824952&use=l&cat=p&typeid=i","cat":334134},{"id":37452,"n":"Lardons de volaille Tradilège Nature 2x75g","p":1.71,"u":"11,40 €/KG","img":"https://fd8-photos.leclercdrive.fr/image.ashx?id=2882355&use=l&cat=p&typeid=i","cat":316011},{"id":37453,"n":"Lardons de volaille Tradilège Fumés 2x75g","p":1.71,"u":"11,40 €/KG","img":"https://fd8-photos.leclercdrive.fr/image.ashx?id=2882358&use=l&cat=p&typeid=i","cat":316011},{"id":37457,"n":"Yaourt bio Les 2 Vaches brassé nature - 4x115g","p":1.37,"u":"2,98 €/KG","img":"https://fd8-photos.leclercdrive.fr/image.ashx?id=2571545&use=l&cat=p&typeid=i","cat":284409},{"id":37467,"n":"Infusion Tiséa Fruits rouges 25 sachets 40g","p":0.92,"u":"23,00 €/KG","img":"https://fd8-photos.leclercdrive.fr/image.ashx?id=2922506&use=l&cat=p&typeid=i","cat":293234},{"id":37468,"n":"Jambon cru Fine Fondante Aoste Sans conservateur - x6 - 100g","p":3.65,"u":"36,50 €/KG","img":"https://fd8-photos.leclercdrive.fr/image.ashx?id=2937172&use=l&cat=p&typeid=i","cat":316007},{"id":37517,"n":"Steack haché boucher Convivial 15% mg - x8 800g","p":12.94,"u":"16,18 €/KG","img":"https://fd8-photos.leclercdrive.fr/image.ashx?id=2960975&use=l&cat=p&typeid=i","cat":319778},{"id":37540,"n":"Compote bébé Bio Village Bio Pomme vanille 4 mois 4x100g","p":1.99,"u":"4,98 €/KG","img":"https://fd8-photos.leclercdrive.fr/image.ashx?id=2704750&use=l&cat=p&typeid=i","cat":312387},{"id":37541,"n":"Compote bébé Bio Village Bio Pomme /Banane 4 mois 4x100g","p":1.89,"u":"4,73 €/KG","img":"https://fd8-photos.leclercdrive.fr/image.ashx?id=2704753&use=l&cat=p&typeid=i","cat":312387},{"id":37542,"n":"Compote bébé Bio Village bio Poire williams - 4 mois -4x100g","p":1.89,"u":"4,73 €/KG","img":"https://fd8-photos.leclercdrive.fr/image.ashx?id=2704747&use=l&cat=p&typeid=i","cat":312387},{"id":37580,"n":"Soupe Régal Soupe Légumes et vermicelles - 1L","p":1.84,"u":"1,84 €/L","img":"https://fd8-photos.leclercdrive.fr/image.ashx?id=2983802&use=l&cat=p&typeid=i","cat":284462},{"id":37593,"n":"Snacks chats Tous mes amis Poulet fromage - 60g","p":0.84,"u":"14,00 €/KG","img":"https://fd8-photos.leclercdrive.fr/image.ashx?id=1947280&use=l&cat=p&typeid=i","cat":285285},{"id":37594,"n":"Snacks chats Tous mes amis Boeuf - 60g","p":0.94,"u":"15,67 €/KG","img":"https://fd8-photos.leclercdrive.fr/image.ashx?id=2046107&use=l&cat=p&typeid=i","cat":285285},{"id":37595,"n":"Snacks chats Tous mes amis Saumon - 60g","p":0.89,"u":"14,83 €/KG","img":"https://fd8-photos.leclercdrive.fr/image.ashx?id=1938588&use=l&cat=p&typeid=i","cat":285285},{"id":37596,"n":"Snacks chats Tous mes amis Contre les boules de poils- 60g","p":0.99,"u":"16,50 €/KG","img":"https://fd8-photos.leclercdrive.fr/image.ashx?id=1947277&use=l&cat=p&typeid=i","cat":285285},{"id":37605,"n":"Protège-slips Doulys Extra fin - Plié - x32","p":1.36,"u":"0,04 €/P","img":"https://fd8-photos.leclercdrive.fr/image.ashx?id=2824757&use=l&cat=p&typeid=i","cat":284625},{"id":37623,"n":"Trancetto Balconi Cacao x10 280g","p":1.39,"u":"4,96 €/KG","img":"https://fd8-photos.leclercdrive.fr/image.ashx?id=2878414&use=l&cat=p&typeid=i","cat":284495},{"id":37638,"n":"Plateau de quenelles St Jean 1kg","p":6.15,"u":"6,15 €/KG","img":"https://fd8-photos.leclercdrive.fr/image.ashx?id=2418984&use=l&cat=p&typeid=i","cat":333682},{"id":37659,"n":"Sauce financière Giraudet Pour quenelle - 250g","p":3.36,"u":"13,44 €/KG","img":"https://fd8-photos.leclercdrive.fr/image.ashx?id=2214795&use=l&cat=p&typeid=i","cat":284382},{"id":37712,"n":"Haricots Verts Cassegrain Extra Fins Cueillis main 390g","p":3.19,"u":"8,18 €/KG","img":"https://fd8-photos.leclercdrive.fr/image.ashx?id=2913025&use=l&cat=p&typeid=i","cat":312606},{"id":37713,"n":"Harissa Phare du Cap Bon Tube - 140g","p":0.78,"u":"5,57 €/KG","img":"https://fd8-photos.leclercdrive.fr/image.ashx?id=2239044&use=l&cat=p&typeid=i","cat":289013},{"id":37719,"n":"Noix de macadamia Tokapi 100g","p":2.48,"u":"24,80 €/KG","img":"https://fd8-photos.leclercdrive.fr/image.ashx?id=2795562&use=l&cat=p&typeid=i","cat":284448},{"id":37774,"n":"Recharge Dentamyl Brosse à dents électrique x2","p":6.99,"u":"3,50 €/P","img":"https://fd8-photos.leclercdrive.fr/image.ashx?id=2790967&use=l&cat=p&typeid=i","cat":297133},{"id":37778,"n":"Lait corps Inell Réparateur - 250ml","p":2.33,"u":"9,32 €/L","img":"https://fd8-photos.leclercdrive.fr/image.ashx?id=2691664&use=l&cat=p&typeid=i","cat":325349},{"id":37842,"n":"Thé glacé zéro Fresh Tea  Pêche - 1,5L","p":1.29,"u":"0,86 €/L","img":"https://fd8-photos.leclercdrive.fr/image.ashx?id=2622266&use=l&cat=p&typeid=i","cat":295019},{"id":37843,"n":"100% Pur jus d'orange Jafaden Sans pulpe - 2L","p":3.54,"u":"1,77 €/L","img":"https://fd8-photos.leclercdrive.fr/image.ashx?id=2796052&use=l&cat=p&typeid=i","cat":284521},{"id":37846,"n":"Boisson à base de vin blanc pêche Festalie BIB 3L","p":7.89,"u":"2,63 €/L","img":"https://fd8-photos.leclercdrive.fr/image.ashx?id=1923586&use=l&cat=p&typeid=i","cat":304569},{"id":37862,"n":"Couches Bébé Eco+ T5 - x52 changes","p":6.94,"u":"0,13 €/P","img":"https://fd8-photos.leclercdrive.fr/image.ashx?id=2842450&use=l&cat=p&typeid=i","cat":284737},{"id":37863,"n":"Compresses stériles Primoplast Ultra-douces x20","p":2.6,"u":"0,13 €/P","img":"https://fd8-photos.leclercdrive.fr/image.ashx?id=2832960&use=l&cat=p&typeid=i","cat":284630},{"id":37864,"n":"Bouchons oreilles Primoplast Mousse x8","p":3.99,"u":"0,50 €/P","img":"https://fd8-photos.leclercdrive.fr/image.ashx?id=2856516&use=l&cat=p&typeid=i","cat":284630},{"id":37866,"n":"Lavette Mamisson Microfibre spécial vitres x1","p":0.85,"img":"https://fd8-photos.leclercdrive.fr/image.ashx?id=2595107&use=l&cat=p&typeid=i","cat":284667},{"id":37875,"n":"Sucre en poudre Beghin Say Extra fin - 750g","p":2.49,"u":"3,32 €/KG","img":"https://fd8-photos.leclercdrive.fr/image.ashx?id=2313882&use=l&cat=p&typeid=i","cat":284502},{"id":38022,"n":"Barquette allégée Elle&Vire Doux - 20% MG - 250g","p":1.92,"u":"7,68 €/KG","img":"https://fd8-photos.leclercdrive.fr/image.ashx?id=2763460&use=l&cat=p&typeid=i","cat":284379},{"id":38026,"n":"Soufflés Frites Tokapi Bacon - 80g","p":0.79,"u":"9,88 €/KG","img":"https://fd8-photos.leclercdrive.fr/image.ashx?id=2597028&use=l&cat=p&typeid=i","cat":284449},{"id":38027,"n":"Quinoa gourmand Tipiak 400g","p":2.49,"u":"6,23 €/KG","img":"https://fd8-photos.leclercdrive.fr/image.ashx?id=2640617&use=l&cat=p&typeid=i","cat":284429},{"id":38035,"n":"Shampooing Petit Nateis 2en1 Enfants - 250ml","p":1.35,"u":"5,40 €/L","img":"https://fd8-photos.leclercdrive.fr/image.ashx?id=1964975&use=l&cat=p&typeid=i","cat":284606},{"id":38054,"n":"Thé glacé pétillant Liptonic  Ice Tea Pêche - 1,5L","p":2.19,"u":"1,46 €/L","img":"https://fd8-photos.leclercdrive.fr/image.ashx?id=2159598&use=l&cat=p&typeid=i","cat":295019},{"id":38100,"n":"Chocolat en poudre Nesquik Boîte 490g","p":4.94,"u":"10,08 €/KG","img":"https://fd8-photos.leclercdrive.fr/image.ashx?id=3005305&use=l&cat=p&typeid=i","cat":293235},{"id":38220,"n":"Pansements Primoplast Anti-ampoules x6","p":3.15,"img":"https://fd8-photos.leclercdrive.fr/image.ashx?id=2955716&use=l&cat=p&typeid=i","cat":284630},{"id":38226,"n":"Compresses stériles Primoplast Gaze x60","p":4.99,"u":"0,08 €/P","img":"https://fd8-photos.leclercdrive.fr/image.ashx?id=2834181&use=l&cat=p&typeid=i","cat":284630},{"id":38228,"n":"Vaseline Primoplast Tube 50ml","p":1.47,"u":"29,40 €/L","img":"https://fd8-photos.leclercdrive.fr/image.ashx?id=2856519&use=l&cat=p&typeid=i","cat":284630},{"id":38232,"n":"Mouchoirs blancs 3 plis Caresse Boîte décor aléatoire Kids -x60","p":1.75,"u":"0,03 €/P","img":"https://fd8-photos.leclercdrive.fr/image.ashx?id=2814432&use=l&cat=p&typeid=i","cat":284638},{"id":38234,"n":"Dessert - P'tit Brassé Nestlé Banane - dès 6 mois - 4x100g","p":1.89,"u":"4,73 €/KG","img":"https://fd8-photos.leclercdrive.fr/image.ashx?id=2615131&use=l&cat=p&typeid=i","cat":312392},{"id":38235,"n":"Dessert - P'tit Brassé Nestlé Framboise - dès 6 mois - 4x100g","p":1.54,"u":"3,85 €/KG","img":"https://fd8-photos.leclercdrive.fr/image.ashx?id=2604876&use=l&cat=p&typeid=i","cat":312392},{"id":38236,"n":"Dessert - P'tit Brassé Nestlé Abricot - dès 6 mois - 4x100g","p":1.54,"u":"3,85 €/KG","img":"https://fd8-photos.leclercdrive.fr/image.ashx?id=2600569&use=l&cat=p&typeid=i","cat":312392},{"id":38237,"n":"Dessert - P'tit Brassé Nestlé Poire - dès 6 mois - 4x100g","p":1.84,"u":"4,60 €/KG","img":"https://fd8-photos.leclercdrive.fr/image.ashx?id=2615756&use=l&cat=p&typeid=i","cat":312392},{"id":38238,"n":"Dessert - P'tit Brassé Nestlé Fraise - dès 6 mois - 4x100g","p":1.54,"u":"3,85 €/KG","img":"https://fd8-photos.leclercdrive.fr/image.ashx?id=2510187&use=l&cat=p&typeid=i","cat":312392},{"id":38239,"n":"Dessert - P'tit Brassé Nestlé Myrtille - dès 6 mois - 4x100g","p":1.54,"u":"3,85 €/KG","img":"https://fd8-photos.leclercdrive.fr/image.ashx?id=2583235&use=l&cat=p&typeid=i","cat":312392},{"id":38286,"n":"Bière blonde Paulaner WeissBier 5.5%vol. - 50cl","p":2.09,"u":"4,18 €/L","img":"https://fd8-photos.leclercdrive.fr/image.ashx?id=2354620&use=l&cat=p&typeid=i","cat":334872},{"id":38297,"n":"Matière grasse St Hubert Omega3 52%mg - demi-sel - 510g","p":3.69,"u":"7,24 €/KG","img":"https://fd8-photos.leclercdrive.fr/image.ashx?id=2734099&use=l&cat=p&typeid=i","cat":315229},{"id":38298,"n":"Matière grasse St Hubert Omega 3 - 52%mg - doux - 510g","p":3.44,"u":"6,75 €/KG","img":"https://fd8-photos.leclercdrive.fr/image.ashx?id=2734108&use=l&cat=p&typeid=i","cat":315229},{"id":38304,"n":"Taboulé Pierre Martinet Au poulet - 300g","p":1.99,"u":"6,63 €/KG","img":"https://fd8-photos.leclercdrive.fr/image.ashx?id=2990529&use=l&cat=p&typeid=i","cat":333657},{"id":38322,"n":"Compote Douceur du Verger Gourdes multivariétés - 20x90g","p":5.95,"u":"3,31 €/KG","img":"https://fd8-photos.leclercdrive.fr/image.ashx?id=2837060&use=l&cat=p&typeid=i","cat":284508},{"id":38337,"n":"Huile sèche corps Inell Nourrissante - 150ml","p":3.82,"u":"25,47 €/L","img":"https://fd8-photos.leclercdrive.fr/image.ashx?id=2604349&use=l&cat=p&typeid=i","cat":325349},{"id":38373,"n":"Rasoirs jetables Siliss 3 lames x6","p":1.98,"u":"0,50 €/P","img":"https://fd8-photos.leclercdrive.fr/image.ashx?id=2873549&use=l&cat=p&typeid=i","cat":325352},{"id":38374,"n":"Brosse à dents Dentamyl Super pro interdent x1","p":1.3,"img":"https://fd8-photos.leclercdrive.fr/image.ashx?id=2790970&use=l&cat=p&typeid=i","cat":284614},{"id":38380,"n":"Rasoir Gillette Proglide Flexball manuel x1","p":11.49,"img":"https://fd8-photos.leclercdrive.fr/image.ashx?id=2682394&use=l&cat=p&typeid=i","cat":284616},{"id":38466,"n":"Petits oeufs Chocolat Novi Fondentenero - 160g","p":4.18,"u":"26,13 €/KG","img":"https://fd8-photos.leclercdrive.fr/image.ashx?id=1554856&use=l&cat=p&typeid=i","cat":284499},{"id":38524,"n":"Tendres perles Blé Tipiak Prêt en 5 min - 350g","p":1.89,"u":"5,40 €/KG","img":"https://fd8-photos.leclercdrive.fr/image.ashx?id=2640614&use=l&cat=p&typeid=i","cat":284429},{"id":38562,"n":"Cône Nestlé Extrême  Vanille de Madagascar x6 - 426g","p":3.49,"u":"8,19 €/KG","img":"https://fd8-photos.leclercdrive.fr/image.ashx?id=3000432&use=l&cat=p&typeid=i","cat":284264},{"id":38563,"n":"Cône Extrême Nestlé Chocolat intense 6x71g","p":3.5,"u":"8,22 €/KG","img":"https://fd8-photos.leclercdrive.fr/image.ashx?id=2353089&use=l&cat=p&typeid=i","cat":284264},{"id":38630,"n":"Cahier de musique Esquisse Bleu- 48 pages 24x32cm","p":1.99,"img":"https://fd8-photos.leclercdrive.fr/image.ashx?id=1689387&use=l&cat=p&typeid=i","cat":284697},{"id":38685,"n":"Actifidus Delisse Nature - 16x125g","p":2.97,"u":"1,49 €/KG","img":"https://fd8-photos.leclercdrive.fr/image.ashx?id=2452675&use=l&cat=p&typeid=i","cat":315000},{"id":38705,"n":"Chocolat Pâtissier Nestlé Dessert - 2x205g","p":7.09,"u":"17,29 €/KG","img":"https://fd8-photos.leclercdrive.fr/image.ashx?id=2959491&use=l&cat=p&typeid=i","cat":285562},{"id":38724,"n":"Madeleines coquilles NRT 330g","p":3.29,"u":"9,97 €/KG","img":"https://fd8-photos.leclercdrive.fr/image.ashx?id=2704903&use=l&cat=p&typeid=i","cat":284492},{"id":38735,"n":"Lait de douche Manava Lait et miel - 250ml","p":0.94,"u":"3,76 €/L","img":"https://fd8-photos.leclercdrive.fr/image.ashx?id=1628283&use=l&cat=p&typeid=i","cat":284594},{"id":38744,"n":"Beurre allégé Les Croisés Demi-sel - 60% MG - 250g","p":1.89,"u":"7,56 €/KG","img":"https://fd8-photos.leclercdrive.fr/image.ashx?id=2897787&use=l&cat=p&typeid=i","cat":284379},{"id":38757,"n":"Bâtonnets Trium Pistache - x4 280g","p":3.6,"u":"12,86 €/KG","img":"https://fd8-photos.leclercdrive.fr/image.ashx?id=2071101&use=l&cat=p&typeid=i","cat":284265},{"id":38765,"n":"Soda Jean's Cola Cherry Bouteille - 1,5L","p":1.49,"u":"0,99 €/L","img":"https://fd8-photos.leclercdrive.fr/image.ashx?id=2957551&use=l&cat=p&typeid=i","cat":284530},{"id":38773,"n":"Pur jus d'orange Jafaden Avec pulpe - 1,5L","p":3.0,"u":"2,00 €/L","img":"https://fd8-photos.leclercdrive.fr/image.ashx?id=2796058&use=l&cat=p&typeid=i","cat":284521},{"id":38776,"n":"AOC Côtes du Marmandais vin rosé Terrasses d'Autan - 75cl","p":2.99,"u":"3,99 €/L","img":"https://fd8-photos.leclercdrive.fr/image.ashx?id=2710497&use=l&cat=p&typeid=i","cat":289558},{"id":38781,"n":"Mouchoirs blancs 4 plis Caresse Boîte mouchoirs papier - x80","p":1.1,"u":"0,01 €/P","img":"https://fd8-photos.leclercdrive.fr/image.ashx?id=2801049&use=l&cat=p&typeid=i","cat":284638},{"id":38786,"n":"Couches Huggies Little Swimmers Taille 2/3 - x20","p":12.38,"u":"0,62 €/P","img":"https://fd8-photos.leclercdrive.fr/image.ashx?id=2844706&use=l&cat=p&typeid=i","cat":290634},{"id":38787,"n":"Huggies® Little Swimmers® Maxipack Taille 5-6 x19","p":11.83,"u":"0,62 €/P","img":"https://fd8-photos.leclercdrive.fr/image.ashx?id=2844709&use=l&cat=p&typeid=i","cat":290634},{"id":38800,"n":"Essuie-tout Déco Mimosa Maxi - x3","p":3.85,"u":"1,28 €/P","img":"https://fd8-photos.leclercdrive.fr/image.ashx?id=2727392&use=l&cat=p&typeid=i","cat":284635},{"id":38801,"n":"Déodorant spray Manava Vanille 100ml","p":1.39,"u":"13,90 €/L","img":"https://fd8-photos.leclercdrive.fr/image.ashx?id=2671408&use=l&cat=p&typeid=i","cat":284595},{"id":38802,"n":"Déodorant spray Manava Pierre d'alun/Aloe Vera - 100ml","p":1.44,"u":"14,40 €/L","img":"https://fd8-photos.leclercdrive.fr/image.ashx?id=3013609&use=l&cat=p&typeid=i","cat":284595},{"id":38803,"n":"Déodorant spray grenade Manava A l'huile sauge sclarée - 100ml","p":1.39,"u":"13,90 €/L","img":"https://fd8-photos.leclercdrive.fr/image.ashx?id=2656448&use=l&cat=p&typeid=i","cat":284595},{"id":38804,"n":"Déodorant spray Manava Invisible 100ml","p":1.39,"u":"13,90 €/L","img":"https://fd8-photos.leclercdrive.fr/image.ashx?id=2692958&use=l&cat=p&typeid=i","cat":284595},{"id":38812,"n":"Pains au lait Pasquier x10 - 350g","p":1.83,"u":"5,23 €/KG","img":"https://fd8-photos.leclercdrive.fr/image.ashx?id=2576940&use=l&cat=p&typeid=i","cat":293505},{"id":38857,"n":"Fromage Boursin cuisine Ail & fines herbes - 240g","p":2.59,"u":"10,79 €/KG","img":"https://fd8-photos.leclercdrive.fr/image.ashx?id=2615418&use=l&cat=p&typeid=i","cat":314029},{"id":38868,"n":"Chips ondulées Pom'Lisse Poulet rôti - 135g","p":1.03,"u":"7,63 €/KG","img":"https://fd8-photos.leclercdrive.fr/image.ashx?id=2919625&use=l&cat=p&typeid=i","cat":284447},{"id":38869,"n":"Purée de tomates Turini Saveur basilic - 200g","p":0.79,"u":"3,95 €/KG","img":"https://fd8-photos.leclercdrive.fr/image.ashx?id=2174702&use=l&cat=p&typeid=i","cat":288384},{"id":39009,"n":"Pain de mie complet Epi d'Or Extra moelleux - 500g","p":1.79,"u":"3,58 €/KG","img":"https://fd8-photos.leclercdrive.fr/image.ashx?id=2860742&use=l&cat=p&typeid=i","cat":284477},{"id":39020,"n":"AOP Haut Médoc rouge Château Barreyres - 75cl","p":9.43,"u":"12,57 €/L","img":"https://fd8-photos.leclercdrive.fr/image.ashx?id=2467769&use=l&cat=p&typeid=i","cat":289556},{"id":39024,"n":"AOP Entre-deux-mers blanc Cuvée Hortense - 75cl","p":4.92,"u":"6,56 €/L","img":"https://fd8-photos.leclercdrive.fr/image.ashx?id=2516068&use=l&cat=p&typeid=i","cat":289557},{"id":39061,"n":"Film étirable Alfapac Rouleau 35m x 29cm","p":1.72,"img":"https://fd8-photos.leclercdrive.fr/image.ashx?id=2918268&use=l&cat=p&typeid=i","cat":334134},{"id":39067,"n":"Tablettes lave vaisselle Sun Classic x60 - 570g","p":7.28,"u":"12,77 €/KG","img":"https://fd8-photos.leclercdrive.fr/image.ashx?id=2775745&use=l&cat=p&typeid=i","cat":284656},{"id":39107,"n":"Gel lavant Manava Savon de Marseille - 300ml","p":1.06,"u":"3,53 €/L","img":"https://fd8-photos.leclercdrive.fr/image.ashx?id=2935498&use=l&cat=p&typeid=i","cat":284597},{"id":39120,"n":"Eau minérale naturelle Vittel Bouchon sport - 6x75cl","p":3.12,"u":"0,69 €/L","img":"https://fd8-photos.leclercdrive.fr/image.ashx?id=2774478&use=l&cat=p&typeid=i","cat":284535},{"id":39122,"n":"Fromage de chèvre Soignon Bûche Sainte Maure - 300g","p":3.33,"u":"11,10 €/KG","img":"https://fd8-photos.leclercdrive.fr/image.ashx?id=2963331&use=l&cat=p&typeid=i","cat":314031},{"id":39145,"n":"Mouchoirs blancs 4 plis Caresse Etuis x15 - Mentholés","p":1.98,"u":"0,13 €/P","img":"https://fd8-photos.leclercdrive.fr/image.ashx?id=2572996&use=l&cat=p&typeid=i","cat":284638},{"id":39155,"n":"Chips La classique Vico Nature - 6x27,5g","p":1.75,"u":"10,61 €/KG","img":"https://fd8-photos.leclercdrive.fr/image.ashx?id=2917813&use=l&cat=p&typeid=i","cat":284447},{"id":39172,"n":"AOP Cabernet d'Anjou vin rosé Les Caractères - 75cl","p":3.99,"u":"5,32 €/L","img":"https://fd8-photos.leclercdrive.fr/image.ashx?id=2908846&use=l&cat=p&typeid=i","cat":289558},{"id":39182,"n":"Pain de mie 100% Mie Harrys Complet sans croûte Maxi - 650g","p":2.39,"u":"3,68 €/KG","img":"https://fd8-photos.leclercdrive.fr/image.ashx?id=2517438&use=l&cat=p&typeid=i","cat":284477},{"id":39199,"n":"Pizza Turini Cuite sur pierre Campagnarde - 400g","p":2.99,"u":"7,48 €/KG","img":"https://fd8-photos.leclercdrive.fr/image.ashx?id=2816576&use=l&cat=p&typeid=i","cat":284256},{"id":39204,"n":"Tartinable Ronde des Mers Saumon fumé - 120g","p":2.49,"u":"20,75 €/KG","img":"https://fd8-photos.leclercdrive.fr/image.ashx?id=2631435&use=l&cat=p&typeid=i","cat":285191},{"id":39206,"n":"Tartinable Ronde des Mers Surimi-crabe - 120g","p":1.69,"u":"14,08 €/KG","img":"https://fd8-photos.leclercdrive.fr/image.ashx?id=2631438&use=l&cat=p&typeid=i","cat":285191},{"id":39232,"n":"AOP Champagne rosé Demoiselle Brut Vranken - 75cl","p":27.17,"u":"36,23 €/L","img":"https://fd8-photos.leclercdrive.fr/image.ashx?id=2020254&use=l&cat=p&typeid=i","cat":284542},{"id":39233,"n":"AOP Côtes de Provence rosé Estandon - 75cl","p":7.45,"u":"9,93 €/L","img":"https://fd8-photos.leclercdrive.fr/image.ashx?id=2868966&use=l&cat=p&typeid=i","cat":289558},{"id":39259,"n":"Planteur Jafaden Cocktail sans alcool - 1L","p":2.35,"u":"2,35 €/L","img":"https://fd8-photos.leclercdrive.fr/image.ashx?id=2956726&use=l&cat=p&typeid=i","cat":284916},{"id":39265,"n":"AOC Picpoul de Pinet vin blanc Prieur Barsanne - 75cl","p":4.8,"u":"6,40 €/L","img":"https://fd8-photos.leclercdrive.fr/image.ashx?id=2869796&use=l&cat=p&typeid=i","cat":289557},{"id":39266,"n":"AOP Corse vin rosé Terres Ocrées - 75cl","p":4.99,"u":"6,65 €/L","img":"https://fd8-photos.leclercdrive.fr/image.ashx?id=2865242&use=l&cat=p&typeid=i","cat":289558},{"id":39267,"n":"AOC Languedoc vin rosé Prieur Barsanne - 75cl","p":2.99,"u":"3,99 €/L","img":"https://fd8-photos.leclercdrive.fr/image.ashx?id=2886460&use=l&cat=p&typeid=i","cat":289558},{"id":39268,"n":"AOP Bergerac vin blanc sec Terrasses d'Autan - 75cl","p":2.99,"u":"3,99 €/L","img":"https://fd8-photos.leclercdrive.fr/image.ashx?id=2858108&use=l&cat=p&typeid=i","cat":289557},{"id":39270,"n":"AOP Touraine Sauvignon vin Blanc - Les Caractères - 75cl","p":4.99,"u":"6,65 €/L","img":"https://fd8-photos.leclercdrive.fr/image.ashx?id=2699693&use=l&cat=p&typeid=i","cat":289557},{"id":39271,"n":"AOP Alsace Pinot gris  vin blanc Rebmann - 75 cl","p":4.99,"u":"6,65 €/L","img":"https://fd8-photos.leclercdrive.fr/image.ashx?id=2907467&use=l&cat=p&typeid=i","cat":289557},{"id":39272,"n":"AOP Bourgogne Chardonnay vin blanc Antoine Barrier - 75cl","p":6.99,"u":"9,32 €/L","img":"https://fd8-photos.leclercdrive.fr/image.ashx?id=2714983&use=l&cat=p&typeid=i","cat":289557},{"id":39331,"n":"Shampooing Manava Beurre de karité 500ml","p":1.35,"u":"2,70 €/L","img":"https://fd8-photos.leclercdrive.fr/image.ashx?id=1884643&use=l&cat=p&typeid=i","cat":284606},{"id":39332,"n":"Shampooing Manava Cheveux normaux à gras 500ml","p":1.28,"u":"2,56 €/L","img":"https://fd8-photos.leclercdrive.fr/image.ashx?id=1885059&use=l&cat=p&typeid=i","cat":284606},{"id":39338,"n":"Moutarde Savora Amora 385g","p":2.17,"u":"5,64 €/KG","img":"https://fd8-photos.leclercdrive.fr/image.ashx?id=2775685&use=l&cat=p&typeid=i","cat":288850},{"id":39339,"n":"Moutarde Amora Fine & douce - 190g","p":1.75,"u":"9,21 €/KG","img":"https://fd8-photos.leclercdrive.fr/image.ashx?id=2738791&use=l&cat=p&typeid=i","cat":288850},{"id":39354,"n":"Attache sucette chaînette Nuk Bleu","p":5.7,"img":"https://fd8-photos.leclercdrive.fr/image.ashx?id=2240709&use=l&cat=p&typeid=i","cat":284743},{"id":39376,"n":"Pur jus d'orange Tropicana Sans pulpe - 1,5L","p":3.33,"u":"2,22 €/L","img":"https://fd8-photos.leclercdrive.fr/image.ashx?id=2509637&use=l&cat=p&typeid=i","cat":284521},{"id":39388,"n":"Haricots verts Bio Village Bio - 360g","p":1.89,"u":"5,25 €/KG","img":"https://fd8-photos.leclercdrive.fr/image.ashx?id=3002659&use=l&cat=p&typeid=i","cat":312606},{"id":39389,"n":"Haricots beurre Notre Jardin Extra fins 1kg","p":2.29,"u":"2,29 €/KG","img":"https://fd8-photos.leclercdrive.fr/image.ashx?id=2431134&use=l&cat=p&typeid=i","cat":319805},{"id":39390,"n":"Soupe Velouté bolet Régal soupe Déshydratée - 66g","p":1.86,"u":"28,18 €/KG","img":"https://fd8-photos.leclercdrive.fr/image.ashx?id=2188844&use=l&cat=p&typeid=i","cat":284463},{"id":39403,"n":"Joker Pur Jus Engagé Orange  sans pulpe - 1L","p":2.85,"u":"2,85 €/L","img":"https://fd8-photos.leclercdrive.fr/image.ashx?id=2984982&use=l&cat=p&typeid=i","cat":284521},{"id":39417,"n":"Boisson Sunny Delight Florida - 1,25L","p":2.27,"u":"1,82 €/L","img":"https://fd8-photos.leclercdrive.fr/image.ashx?id=2309960&use=l&cat=p&typeid=i","cat":285435},{"id":39418,"n":"Boisson Sunny Delight Doux California - 1,25L","p":2.39,"u":"1,91 €/L","img":"https://fd8-photos.leclercdrive.fr/image.ashx?id=2309963&use=l&cat=p&typeid=i","cat":285435},{"id":39421,"n":"Jus innocent pomme 900ml","p":2.99,"u":"3,32 €/L","img":"https://fd8-photos.leclercdrive.fr/image.ashx?id=2891703&use=l&cat=p&typeid=i","cat":284354},{"id":39443,"n":"Jus innocent  orange avec pulpe 1.5L","p":4.15,"u":"2,77 €/L","img":"https://fd8-photos.leclercdrive.fr/image.ashx?id=2891223&use=l&cat=p&typeid=i","cat":285435},{"id":39444,"n":"Jus innocent orange avec pulpe 900ml","p":2.79,"u":"3,10 €/L","img":"https://fd8-photos.leclercdrive.fr/image.ashx?id=2891700&use=l&cat=p&typeid=i","cat":285435},{"id":39445,"n":"Confiture Douceur Du Verger Extra myrtilles allegée - 340g","p":1.89,"u":"5,56 €/KG","img":"https://fd8-photos.leclercdrive.fr/image.ashx?id=2965515&use=l&cat=p&typeid=i","cat":284480},{"id":39471,"n":"Mousse aux oeufs Bonne Maman Chocolat - 4x50g","p":2.49,"u":"12,45 €/KG","img":"https://fd8-photos.leclercdrive.fr/image.ashx?id=2571509&use=l&cat=p&typeid=i","cat":284417},{"id":39472,"n":"Mousse aux oeufs Bonne Maman Chocolat au lait - 4x50g","p":2.49,"u":"12,45 €/KG","img":"https://fd8-photos.leclercdrive.fr/image.ashx?id=2571512&use=l&cat=p&typeid=i","cat":284417},{"id":39475,"n":"Barre chocolatée Balisto Fruits des bois - x10 - 185g","p":2.95,"u":"15,95 €/KG","img":"https://fd8-photos.leclercdrive.fr/image.ashx?id=1930983&use=l&cat=p&typeid=i","cat":284498},{"id":39480,"n":"Chips ondulées Pom'Lisse Nature - 6x30g","p":1.57,"u":"8,72 €/KG","img":"https://fd8-photos.leclercdrive.fr/image.ashx?id=2728246&use=l&cat=p&typeid=i","cat":284447},{"id":39482,"n":"Brownie P'tit Déli Chocolat noisette - 240g","p":1.85,"u":"7,71 €/KG","img":"https://fd8-photos.leclercdrive.fr/image.ashx?id=2891779&use=l&cat=p&typeid=i","cat":294776},{"id":39485,"n":"Barre chocolatée Balisto Miel amande - x10 barres - 185g","p":2.96,"u":"16,00 €/KG","img":"https://fd8-photos.leclercdrive.fr/image.ashx?id=1930977&use=l&cat=p&typeid=i","cat":284498},{"id":39497,"n":"Barre chocolatée P'tit Déli Bille de riz - 162g","p":1.5,"u":"9,26 €/KG","img":"https://fd8-photos.leclercdrive.fr/image.ashx?id=2529599&use=l&cat=p&typeid=i","cat":284488},{"id":39498,"n":"Biscottes Epi d'Or Gout brioché x36 - 300g","p":1.51,"u":"5,03 €/KG","img":"https://fd8-photos.leclercdrive.fr/image.ashx?id=2684028&use=l&cat=p&typeid=i","cat":284479},{"id":39502,"n":"Biscuits Cookies P'tit Déli Coeur fondant noisette - 200g","p":1.44,"u":"7,20 €/KG","img":"https://fd8-photos.leclercdrive.fr/image.ashx?id=2577296&use=l&cat=p&typeid=i","cat":325066},{"id":39503,"n":"Chocolat Pâtissier Tablette dOr Praliné - 200g","p":2.15,"u":"10,75 €/KG","img":"https://fd8-photos.leclercdrive.fr/image.ashx?id=2565619&use=l&cat=p&typeid=i","cat":285562},{"id":39507,"n":"Moutarde Rustica Douce - 435g","p":1.39,"u":"3,20 €/KG","img":"https://fd8-photos.leclercdrive.fr/image.ashx?id=2052019&use=l&cat=p&typeid=i","cat":288850},{"id":39508,"n":"Mini canapés Epi d'Or Nature - 255g","p":1.12,"u":"4,39 €/KG","img":"https://fd8-photos.leclercdrive.fr/image.ashx?id=2610220&use=l&cat=p&typeid=i","cat":285454},{"id":39509,"n":"Pain au seigle complet Epi d'Or 500g","p":1.83,"u":"3,66 €/KG","img":"https://fd8-photos.leclercdrive.fr/image.ashx?id=1879287&use=l&cat=p&typeid=i","cat":325069},{"id":39511,"n":"Thé lady grey Twinings x20 sachets -  40g","p":2.07,"u":"51,75 €/KG","img":"https://fd8-photos.leclercdrive.fr/image.ashx?id=2875552&use=l&cat=p&typeid=i","cat":293233},{"id":39513,"n":"Soupe Velouté Régal  Poireaux St Jacques - 1L","p":3.8,"u":"3,80 €/L","img":"https://fd8-photos.leclercdrive.fr/image.ashx?id=2800243&use=l&cat=p&typeid=i","cat":284462},{"id":39514,"n":"Soupe Velouté Regal Soupe Cèpes et bolets - 1L","p":2.25,"u":"2,25 €/L","img":"https://fd8-photos.leclercdrive.fr/image.ashx?id=2607545&use=l&cat=p&typeid=i","cat":284462},{"id":39515,"n":"Friandises pour chien Lydog Sticks au poulet - x5 - 42g","p":0.94,"u":"22,38 €/KG","img":"https://fd8-photos.leclercdrive.fr/image.ashx?id=1947268&use=l&cat=p&typeid=i","cat":294527},{"id":39517,"n":"Thé vert Twinings Citron x25 sachets -50g","p":2.39,"u":"47,80 €/KG","img":"https://fd8-photos.leclercdrive.fr/image.ashx?id=2893012&use=l&cat=p&typeid=i","cat":293233},{"id":39521,"n":"Cacahuètes enrobées Tokapi Salées - 150g","p":0.85,"u":"5,67 €/KG","img":"https://fd8-photos.leclercdrive.fr/image.ashx?id=2790525&use=l&cat=p&typeid=i","cat":284448},{"id":39522,"n":"Cacahuètes enrobées Tokapi Bacon - 150g","p":0.85,"u":"5,67 €/KG","img":"https://fd8-photos.leclercdrive.fr/image.ashx?id=2790528&use=l&cat=p&typeid=i","cat":284448},{"id":39523,"n":"Cacahuètes enrobées Tokapi Paprika - 150g","p":0.99,"u":"6,60 €/KG","img":"https://fd8-photos.leclercdrive.fr/image.ashx?id=1972828&use=l&cat=p&typeid=i","cat":284448},{"id":39524,"n":"Cacahuètes enrobées Tokapi Epicées - 150g","p":0.85,"u":"5,67 €/KG","img":"https://fd8-photos.leclercdrive.fr/image.ashx?id=763519&use=l&cat=p&typeid=i","cat":284448},{"id":39529,"n":"Jus de citron Rustica Sicile - 50cl","p":1.67,"u":"3,34 €/L","img":"https://fd8-photos.leclercdrive.fr/image.ashx?id=2974804&use=l&cat=p&typeid=i","cat":288383},{"id":39530,"n":"Dessert bébé BabyBio Bio 6 mois Pomme / Fraise - 260g","p":1.82,"u":"7,00 €/KG","img":"https://fd8-photos.leclercdrive.fr/image.ashx?id=2827509&use=l&cat=p&typeid=i","cat":312388},{"id":39531,"n":"Compote bébé Babybio Bio 4 mois Pomme / Mangue - 260g","p":1.82,"u":"7,00 €/KG","img":"https://fd8-photos.leclercdrive.fr/image.ashx?id=2827500&use=l&cat=p&typeid=i","cat":312387},{"id":39532,"n":"Repas bébé Bio Babybio - 4 mois Bio Patate douce - 260g","p":2.64,"u":"10,15 €/KG","img":"https://fd8-photos.leclercdrive.fr/image.ashx?id=2837760&use=l&cat=p&typeid=i","cat":312234},{"id":39534,"n":"Barres énergétiques Ovomaltine x5 barres - 100g","p":2.47,"u":"24,70 €/KG","img":"https://fd8-photos.leclercdrive.fr/image.ashx?id=2413029&use=l&cat=p&typeid=i","cat":318652},{"id":39541,"n":"Madeleine P'tit Déli Coquilles napées chocolat -300g","p":2.62,"u":"8,73 €/KG","img":"https://fd8-photos.leclercdrive.fr/image.ashx?id=2583262&use=l&cat=p&typeid=i","cat":284492},{"id":39545,"n":"Soupe Poule au pot Régal Soupe  Déshydratée - 72g","p":0.84,"u":"11,67 €/KG","img":"https://fd8-photos.leclercdrive.fr/image.ashx?id=2656381&use=l&cat=p&typeid=i","cat":284463},{"id":39547,"n":"Duo Haricots verts et beurre Notre Jardin - 225g","p":1.03,"u":"4,58 €/KG","img":"https://fd8-photos.leclercdrive.fr/image.ashx?id=2988060&use=l&cat=p&typeid=i","cat":312606},{"id":39548,"n":"Haricots verts Notre Jardin Extra fins - 3x110g","p":1.83,"u":"5,55 €/KG","img":"https://fd8-photos.leclercdrive.fr/image.ashx?id=2472514&use=l&cat=p&typeid=i","cat":312606},{"id":39550,"n":"Sirop d'agave bio Bio Village 345g","p":1.99,"u":"5,77 €/KG","img":"https://fd8-photos.leclercdrive.fr/image.ashx?id=2175777&use=l&cat=p&typeid=i","cat":287643},{"id":39551,"n":"Tablettes pour chien Lydog Boeuf, poulet, agneau - 104g","p":1.22,"u":"11,73 €/KG","img":"https://fd8-photos.leclercdrive.fr/image.ashx?id=1201189&use=l&cat=p&typeid=i","cat":294527},{"id":39554,"n":"Mélange 4 champignons N.Jardin 230g","p":2.57,"u":"11,17 €/KG","img":"https://fd8-photos.leclercdrive.fr/image.ashx?id=2072719&use=l&cat=p&typeid=i","cat":312610},{"id":39555,"n":"Repas bébé bio Babybio - 6 mois Veau / Légumes - 2x200g","p":2.84,"u":"7,10 €/KG","img":"https://fd8-photos.leclercdrive.fr/image.ashx?id=2850545&use=l&cat=p&typeid=i","cat":312236},{"id":39556,"n":"Gaufres liégeoises P'tit Déli Sucrées - 550g","p":2.69,"u":"4,89 €/KG","img":"https://fd8-photos.leclercdrive.fr/image.ashx?id=2430219&use=l&cat=p&typeid=i","cat":294777},{"id":39558,"n":"Croquettes chat Tous mes amis Stérilisés - 2kg","p":3.24,"u":"1,62 €/KG","img":"https://fd8-photos.leclercdrive.fr/image.ashx?id=2301490&use=l&cat=p&typeid=i","cat":284680},{"id":39559,"n":"Céréales Jordans Spécial Muesli Fruits et Noix - 750g","p":3.55,"u":"4,73 €/KG","img":"https://fd8-photos.leclercdrive.fr/image.ashx?id=2966770&use=l&cat=p&typeid=i","cat":309512},{"id":39560,"n":"Duo Haricots verts et beurre Notre Jardin - 455g","p":1.99,"u":"4,37 €/KG","img":"https://fd8-photos.leclercdrive.fr/image.ashx?id=2291408&use=l&cat=p&typeid=i","cat":312606},{"id":39561,"n":"Petits pots bio Babybio Carotte boeuf - 8mois 2x200g","p":2.84,"u":"7,10 €/KG","img":"https://fd8-photos.leclercdrive.fr/image.ashx?id=2733286&use=l&cat=p&typeid=i","cat":312236},{"id":39562,"n":"Céréales Bio Jordans Muesli - 500g","p":2.47,"u":"4,94 €/KG","img":"https://fd8-photos.leclercdrive.fr/image.ashx?id=2475897&use=l&cat=p&typeid=i","cat":309512},{"id":39566,"n":"Repas bébé Babynat 6 mois Cabillaud Légumes - 2x200g","p":2.6,"u":"6,50 €/KG","img":"https://fd8-photos.leclercdrive.fr/image.ashx?id=2832008&use=l&cat=p&typeid=i","cat":312235},{"id":39569,"n":"Céréales Jordans Country Crisp Chocolat Noir 70% - 550g","p":3.61,"u":"6,56 €/KG","img":"https://fd8-photos.leclercdrive.fr/image.ashx?id=3000836&use=l&cat=p&typeid=i","cat":309512},{"id":39570,"n":"Céréales Jordans Country Crisp 4 Noix - 550g","p":3.29,"u":"5,98 €/KG","img":"https://fd8-photos.leclercdrive.fr/image.ashx?id=2973487&use=l&cat=p&typeid=i","cat":309512},{"id":39616,"n":"Sirop Moulin de Valdonne Fraise - 70cl","p":3.65,"u":"5,21 €/L","img":"https://fd8-photos.leclercdrive.fr/image.ashx?id=2170559&use=l&cat=p&typeid=i","cat":295020},{"id":39617,"n":"Sirop Moulin de Valdonne Menthe - 70cl","p":3.25,"u":"4,64 €/L","img":"https://fd8-photos.leclercdrive.fr/image.ashx?id=2170550&use=l&cat=p&typeid=i","cat":295020},{"id":39621,"n":"Boisson énergisante Red Bull 4x355ml","p":6.36,"u":"4,48 €/L","img":"https://fd8-photos.leclercdrive.fr/image.ashx?id=3011983&use=l&cat=p&typeid=i","cat":284533},{"id":39651,"n":"Sel fin iodé Cérébos Boîte 125g","p":0.27,"u":"2,16 €/KG","img":"https://fd8-photos.leclercdrive.fr/image.ashx?id=2817536&use=l&cat=p&typeid=i","cat":284457},{"id":39686,"n":"Protection incontinence Chorys Homme - Normal - x20","p":5.32,"u":"0,27 €/P","img":"https://fd8-photos.leclercdrive.fr/image.ashx?id=2672936&use=l&cat=p&typeid=i","cat":291514},{"id":39735,"n":"Huile Isio 4 Lesieur Stop goutte - 675ml","p":3.15,"u":"4,67 €/L","img":"https://fd8-photos.leclercdrive.fr/image.ashx?id=2916015&use=l&cat=p&typeid=i","cat":284453},{"id":39736,"n":"Huile d'olive Puget Squeeze - 475ml","p":7.35,"u":"15,47 €/L","img":"https://fd8-photos.leclercdrive.fr/image.ashx?id=2970972&use=l&cat=p&typeid=i","cat":284453},{"id":39743,"n":"Bière blonde 8.6 Gold Canette 50cl - 8.6%vol","p":1.12,"u":"2,24 €/L","img":"https://fd8-photos.leclercdrive.fr/image.ashx?id=1883591&use=l&cat=p&typeid=i","cat":334853},{"id":39750,"n":"Confiture Bonne Maman Myrtille cassis 370g","p":2.39,"u":"6,46 €/KG","img":"https://fd8-photos.leclercdrive.fr/image.ashx?id=2963427&use=l&cat=p&typeid=i","cat":284480},{"id":39770,"n":"Edulcorant Canderel Pot, poudre 80g","p":2.49,"u":"31,13 €/KG","img":"https://fd8-photos.leclercdrive.fr/image.ashx?id=2811020&use=l&cat=p&typeid=i","cat":324846},{"id":39777,"n":"AOP Crémant d'Alsace Blanc Brut Arthur Metz - 75cl","p":6.68,"u":"8,91 €/L","img":"https://fd8-photos.leclercdrive.fr/image.ashx?id=2422926&use=l&cat=p&typeid=i","cat":284544},{"id":39783,"n":"Liqueur Malibu Coco 18% vol - 1L","p":15.33,"u":"15,33 €/L","img":"https://fd8-photos.leclercdrive.fr/image.ashx?id=2396881&use=l&cat=p&typeid=i","cat":284551},{"id":39827,"n":"Sauce Algerienne Colona 500ml","p":2.87,"u":"5,74 €/L","img":"https://fd8-photos.leclercdrive.fr/image.ashx?id=2687182&use=l&cat=p&typeid=i","cat":318431},{"id":39856,"n":"Sirop Frucci  Citron vert - 75cl","p":3.29,"u":"4,39 €/L","img":"https://fd8-photos.leclercdrive.fr/image.ashx?id=2842307&use=l&cat=p&typeid=i","cat":295020},{"id":39858,"n":"Sirop Frucci Fruits exotiques - 75cl","p":2.65,"u":"3,53 €/L","img":"https://fd8-photos.leclercdrive.fr/image.ashx?id=2842313&use=l&cat=p&typeid=i","cat":295020},{"id":39870,"n":"Jus multifruits Jafaden 4x20cl","p":2.94,"u":"3,68 €/L","img":"https://fd8-photos.leclercdrive.fr/image.ashx?id=2802296&use=l&cat=p&typeid=i","cat":284524},{"id":39871,"n":"Pur jus d'orange Jafaden 4x20cl","p":3.33,"u":"4,16 €/L","img":"https://fd8-photos.leclercdrive.fr/image.ashx?id=2802293&use=l&cat=p&typeid=i","cat":284521},{"id":39872,"n":"Pur jus d'ananas Jafaden 4x20cl","p":3.35,"u":"4,19 €/L","img":"https://fd8-photos.leclercdrive.fr/image.ashx?id=2553333&use=l&cat=p&typeid=i","cat":284524},{"id":39889,"n":"Tendres perles Blé Tipiak Prêt en 4 min - 700g","p":1.88,"u":"2,69 €/KG","img":"https://fd8-photos.leclercdrive.fr/image.ashx?id=2789095&use=l&cat=p&typeid=i","cat":284429},{"id":39894,"n":"Bière blanche Hilbörg 4,5%vol. -  6x25cl","p":3.45,"u":"2,30 €/L","img":"https://fd8-photos.leclercdrive.fr/image.ashx?id=2913706&use=l&cat=p&typeid=i","cat":334878},{"id":39903,"n":"Pâté de campagne à l'Andouille NRT -180g","p":1.98,"u":"11,00 €/KG","img":"https://fd8-photos.leclercdrive.fr/image.ashx?id=2560512&use=l&cat=p&typeid=i","cat":305149},{"id":39923,"n":"AOC Corse vin rosé Terres Ocrées - BIB 3L","p":16.99,"u":"5,66 €/L","img":"https://fd8-photos.leclercdrive.fr/image.ashx?id=2580312&use=l&cat=p&typeid=i","cat":289560},{"id":39927,"n":"AOC Bordeaux vin blanc moelleux Chantet Blanet - 75cl","p":3.49,"u":"4,65 €/L","img":"https://fd8-photos.leclercdrive.fr/image.ashx?id=2918463&use=l&cat=p&typeid=i","cat":289557},{"id":39934,"n":"Yaourts à la Grecque Délisse Nature - 8x125g","p":2.15,"u":"2,15 €/KG","img":"https://fd8-photos.leclercdrive.fr/image.ashx?id=2699480&use=l&cat=p&typeid=i","cat":314999},{"id":39941,"n":"Laque Fixation Forte 24h Dop Vivelle - 250ml","p":3.75,"u":"15,00 €/L","img":"https://fd8-photos.leclercdrive.fr/image.ashx?id=2457239&use=l&cat=p&typeid=i","cat":284609},{"id":39943,"n":"Laque fixation Extra-Forte Dop Vivelle - 250ml","p":3.85,"u":"15,40 €/L","img":"https://fd8-photos.leclercdrive.fr/image.ashx?id=2457236&use=l&cat=p&typeid=i","cat":284609},{"id":39946,"n":"Crème de nuit L'Oréal Paris Revitalift anti-rides - 50ml","p":7.72,"u":"154,40 €/L","img":"https://fd8-photos.leclercdrive.fr/image.ashx?id=2865869&use=l&cat=p&typeid=i","cat":325345},{"id":39947,"n":"Soin de jour L'Oréal Paris Revitalift Anti-rides - 50ml","p":7.87,"u":"157,40 €/L","img":"https://fd8-photos.leclercdrive.fr/image.ashx?id=2851078&use=l&cat=p&typeid=i","cat":325345},{"id":39950,"n":"Yaourts Lait de brebis Délisse Nature - 4x125g","p":2.19,"u":"4,38 €/KG","img":"https://fd8-photos.leclercdrive.fr/image.ashx?id=1872007&use=l&cat=p&typeid=i","cat":314998},{"id":39951,"n":"Crème dessert Délisse Pistache - 4x125g","p":0.89,"u":"1,78 €/KG","img":"https://fd8-photos.leclercdrive.fr/image.ashx?id=2441333&use=l&cat=p&typeid=i","cat":285041},{"id":39952,"n":"Dessert Liégeois Délisse Vanille Chocolat - 8x100g","p":2.09,"u":"2,61 €/KG","img":"https://fd8-photos.leclercdrive.fr/image.ashx?id=1868869&use=l&cat=p&typeid=i","cat":285042},{"id":39953,"n":"crème dessert chocolat danette pop billes 3 chocolats - 4x117g","p":2.59,"u":"5,53 €/KG","img":"https://fd8-photos.leclercdrive.fr/image.ashx?id=2926230&use=l&cat=p&typeid=i","cat":285041},{"id":39954,"n":"Crème dessert vanille Danette  Billes 3 chocolats - 4x117g","p":2.59,"u":"5,53 €/KG","img":"https://fd8-photos.leclercdrive.fr/image.ashx?id=2926227&use=l&cat=p&typeid=i","cat":285041},{"id":39961,"n":"Emiettés de sardines Gastromer Citron - 150g","p":1.99,"pp":1.31,"u":"8,73 €/KG","img":"https://fd8-photos.leclercdrive.fr/image.ashx?id=1605758&use=l&cat=p&typeid=i","cat":285191},{"id":39970,"n":"Poivre noir moulu Ducros N°8 - 38g","p":2.29,"u":"60,26 €/KG","img":"https://fd8-photos.leclercdrive.fr/image.ashx?id=2311051&use=l&cat=p&typeid=i","cat":284457},{"id":39972,"n":"Basilic Ducros 11g","p":0.82,"u":"74,55 €/KG","img":"https://fd8-photos.leclercdrive.fr/image.ashx?id=2559469&use=l&cat=p&typeid=i","cat":298297},{"id":39973,"n":"Plat bébé Blédina 12 mois  Boulghour tomate saumon -2x200g","p":2.37,"u":"5,93 €/KG","img":"https://fd8-photos.leclercdrive.fr/image.ashx?id=2975083&use=l&cat=p&typeid=i","cat":312237},{"id":39974,"n":"Plat bébé Blédina 6 mois  Purée butternut poulet - 2x200g","p":2.37,"u":"5,93 €/KG","img":"https://fd8-photos.leclercdrive.fr/image.ashx?id=2975080&use=l&cat=p&typeid=i","cat":312236},{"id":39988,"n":"Crème de douche Manava Douceur de crème - 250ml","p":1.05,"u":"4,20 €/L","img":"https://fd8-photos.leclercdrive.fr/image.ashx?id=2699282&use=l&cat=p&typeid=i","cat":284594},{"id":39989,"n":"Savon douceur Manava 1/4 de crème 100g","p":0.93,"u":"9,30 €/KG","img":"https://fd8-photos.leclercdrive.fr/image.ashx?id=2331318&use=l&cat=p&typeid=i","cat":284597},{"id":39990,"n":"Savon Manava Fleur de Tiaré orchidée 100g","p":0.89,"u":"8,90 €/KG","img":"https://fd8-photos.leclercdrive.fr/image.ashx?id=2751898&use=l&cat=p&typeid=i","cat":284597},{"id":39992,"n":"Gel douche Manava Monoï de Polynésie 250ml","p":1.15,"u":"4,60 €/L","img":"https://fd8-photos.leclercdrive.fr/image.ashx?id=2626805&use=l&cat=p&typeid=i","cat":284594},{"id":39994,"n":"Lait douche Manava Fleur d'oranger 250ml","p":1.29,"u":"5,16 €/L","img":"https://fd8-photos.leclercdrive.fr/image.ashx?id=1636782&use=l&cat=p&typeid=i","cat":284594},{"id":39995,"n":"Recharge gel lavant Manava Savon de Marseil. Olive - 250ml","p":0.66,"u":"2,64 €/L","img":"https://fd8-photos.leclercdrive.fr/image.ashx?id=2935501&use=l&cat=p&typeid=i","cat":284597},{"id":40003,"n":"Saucisson Justin Bridou La Juste Sèche - 275g","p":3.99,"u":"14,51 €/KG","img":"https://fd8-photos.leclercdrive.fr/image.ashx?id=2756927&use=l&cat=p&typeid=i","cat":316006},{"id":40004,"n":"Saucisson Mini Justin Bridou  Bâton de Berger - 100g","p":2.49,"u":"24,90 €/KG","img":"https://fd8-photos.leclercdrive.fr/image.ashx?id=3011440&use=l&cat=p&typeid=i","cat":316006},{"id":40006,"n":"Houmous Extra l'Atelier Blini 175g","p":2.79,"u":"15,94 €/KG","img":"https://fd8-photos.leclercdrive.fr/image.ashx?id=2795093&use=l&cat=p&typeid=i","cat":315999},{"id":40010,"n":"Emiettés de thon chorizo  Gastromer - 150g","p":1.99,"pp":1.31,"u":"8,73 €/KG","img":"https://fd8-photos.leclercdrive.fr/image.ashx?id=2049910&use=l&cat=p&typeid=i","cat":285191},{"id":40015,"n":"Tarama Blini Extra - 175g","p":3.39,"u":"19,37 €/KG","img":"https://fd8-photos.leclercdrive.fr/image.ashx?id=2795096&use=l&cat=p&typeid=i","cat":315999},{"id":40027,"n":"Tartinable Thon Cap Océan MSC Fromage Frais Ciboulette - 140g","p":1.88,"u":"13,43 €/KG","img":"https://fd8-photos.leclercdrive.fr/image.ashx?id=2434425&use=l&cat=p&typeid=i","cat":285191},{"id":40033,"n":"Yaourt nature sucré Yoplait - 16x125g","p":3.29,"u":"1,65 €/KG","img":"https://fd8-photos.leclercdrive.fr/image.ashx?id=2796821&use=l&cat=p&typeid=i","cat":284409},{"id":40034,"n":"Menthe Pastille Giffard 24%vol - 70cl","p":11.85,"u":"16,93 €/L","img":"https://fd8-photos.leclercdrive.fr/image.ashx?id=2529903&use=l&cat=p&typeid=i","cat":286032},{"id":40051,"n":"Crêpes bretonnes Saint Michel Nature - x12 - 315g","p":1.72,"u":"5,46 €/KG","img":"https://fd8-photos.leclercdrive.fr/image.ashx?id=2060238&use=l&cat=p&typeid=i","cat":284494},{"id":40089,"n":"Gel douche Manava Cranberry myrtille - 250ml","p":1.15,"u":"4,60 €/L","img":"https://fd8-photos.leclercdrive.fr/image.ashx?id=2626802&use=l&cat=p&typeid=i","cat":284594},{"id":40090,"n":"Lait corps Inell Nourrissant - 250ml","p":2.33,"u":"9,32 €/L","img":"https://fd8-photos.leclercdrive.fr/image.ashx?id=1732820&use=l&cat=p&typeid=i","cat":325349},{"id":40092,"n":"Saucisson sec Saint Azay Stick au noix 100g","p":1.99,"u":"19,90 €/KG","img":"https://fd8-photos.leclercdrive.fr/image.ashx?id=2469565&use=l&cat=p&typeid=i","cat":316006},{"id":40094,"n":"Saucissons secs Saint Azay Stick nature 100g","p":1.99,"u":"19,90 €/KG","img":"https://fd8-photos.leclercdrive.fr/image.ashx?id=2474128&use=l&cat=p&typeid=i","cat":316006},{"id":40101,"n":"Saucisson Saint-Azay  Fuet Catalan - 170 g","p":2.09,"u":"12,29 €/KG","img":"https://fd8-photos.leclercdrive.fr/image.ashx?id=2856302&use=l&cat=p&typeid=i","cat":316006},{"id":40102,"n":"Savon de toilette Manava Fleur oranger 100g","p":0.79,"u":"7,90 €/KG","img":"https://fd8-photos.leclercdrive.fr/image.ashx?id=2930048&use=l&cat=p&typeid=i","cat":284597},{"id":40103,"n":"Aiguillettes poulet jaune Volandrie - 210g","p":2.95,"u":"14,05 €/KG","img":"https://fd8-photos.leclercdrive.fr/image.ashx?id=2595930&use=l&cat=p&typeid=i","cat":284336},{"id":40106,"n":"Aiguillettes poulet blanc Volandrie - 210g","p":2.95,"u":"14,05 €/KG","img":"https://fd8-photos.leclercdrive.fr/image.ashx?id=2647883&use=l&cat=p&typeid=i","cat":284336},{"id":40107,"n":"Adoucissant Hyperdou Provence - 750ml","p":1.99,"u":"2,65 €/L","img":"https://fd8-photos.leclercdrive.fr/image.ashx?id=2614473&use=l&cat=p&typeid=i","cat":284650},{"id":40108,"n":"Adoucissant Hyperdou Rêve fraicheur - 750ml","p":1.89,"u":"2,52 €/L","img":"https://fd8-photos.leclercdrive.fr/image.ashx?id=2602850&use=l&cat=p&typeid=i","cat":284650},{"id":40122,"n":"AOP Côtes de Provence vin rosé Terres Ocrées - 75cl - 13%","p":4.99,"u":"6,65 €/L","img":"https://fd8-photos.leclercdrive.fr/image.ashx?id=2896895&use=l&cat=p&typeid=i","cat":289558},{"id":40133,"n":"Gaufrettes Paille d'Or LU Framboise - 170g","p":1.85,"u":"10,88 €/KG","img":"https://fd8-photos.leclercdrive.fr/image.ashx?id=2883753&use=l&cat=p&typeid=i","cat":284489},{"id":40135,"n":"Biscottes Heudebert  Nature - 300g","p":1.43,"u":"4,77 €/KG","img":"https://fd8-photos.leclercdrive.fr/image.ashx?id=2368291&use=l&cat=p&typeid=i","cat":284479},{"id":40138,"n":"Biscuits Petit Ecolier Chocolat au lait - 150g","p":1.67,"u":"11,13 €/KG","img":"https://fd8-photos.leclercdrive.fr/image.ashx?id=2323844&use=l&cat=p&typeid=i","cat":284488},{"id":40140,"n":"Pain grillé Pelletier Froment - 500g","p":2.24,"u":"4,48 €/KG","img":"https://fd8-photos.leclercdrive.fr/image.ashx?id=3002249&use=l&cat=p&typeid=i","cat":284479},{"id":40142,"n":"Compote Douceur du Verger Coupelle multivariétés -16x100g","p":3.99,"u":"2,49 €/KG","img":"https://fd8-photos.leclercdrive.fr/image.ashx?id=2663533&use=l&cat=p&typeid=i","cat":284508},{"id":40180,"n":"Emiettés surimi crabe Gastromer 150g","p":1.99,"pp":1.31,"u":"8,73 €/KG","img":"https://fd8-photos.leclercdrive.fr/image.ashx?id=1605662&use=l&cat=p&typeid=i","cat":285191},{"id":40214,"n":"Sauce Pesto Barilla Basilic et Roquette - 190g","p":1.99,"u":"10,47 €/KG","img":"https://fd8-photos.leclercdrive.fr/image.ashx?id=2457980&use=l&cat=p&typeid=i","cat":287599},{"id":40215,"n":"Petit pot soir Babybio Bio P.pois maïs riz, 6 mois 2x200g","p":3.19,"u":"7,98 €/KG","img":"https://fd8-photos.leclercdrive.fr/image.ashx?id=2827476&use=l&cat=p&typeid=i","cat":312239},{"id":40217,"n":"Petits pots Babybio Bio Légumes jambon - 8mois 2x200g","p":2.71,"u":"6,78 €/KG","img":"https://fd8-photos.leclercdrive.fr/image.ashx?id=2838464&use=l&cat=p&typeid=i","cat":312236},{"id":40277,"n":"Barres glacées Bounty  Chocolat & Noix de Coco x6 235g","p":2.44,"u":"10,38 €/KG","img":"https://fd8-photos.leclercdrive.fr/image.ashx?id=1935069&use=l&cat=p&typeid=i","cat":284264},{"id":40278,"n":"Barres glacées Twix  Caramel & Biscuit x6 - 205g","p":2.76,"u":"13,46 €/KG","img":"https://fd8-photos.leclercdrive.fr/image.ashx?id=2906742&use=l&cat=p&typeid=i","cat":284264},{"id":40279,"n":"Jus innocent orange sans pulpe 900ml","p":2.69,"u":"2,99 €/L","img":"https://fd8-photos.leclercdrive.fr/image.ashx?id=2736583&use=l&cat=p&typeid=i","cat":285435},{"id":40303,"n":"Coton Duo Démaquillants Inell Ovale - Aloé véra - Disques x60","p":1.69,"img":"https://fd8-photos.leclercdrive.fr/image.ashx?id=1926957&use=l&cat=p&typeid=i","cat":285593},{"id":40311,"n":"Biscuits cacao P'tit Déli Chocolat noir/blanc - 115g","p":2.0,"u":"17,39 €/KG","img":"https://fd8-photos.leclercdrive.fr/image.ashx?id=2566197&use=l&cat=p&typeid=i","cat":284488},{"id":40312,"n":"Cèpes déshydratés Notre Jardin 40g","p":3.11,"u":"77,75 €/KG","img":"https://fd8-photos.leclercdrive.fr/image.ashx?id=2403276&use=l&cat=p&typeid=i","cat":284352},{"id":40315,"n":"Chips ondulées Pom'Lisse Epicé - 135g","p":1.17,"u":"8,67 €/KG","img":"https://fd8-photos.leclercdrive.fr/image.ashx?id=2919628&use=l&cat=p&typeid=i","cat":284447},{"id":40318,"n":"Mini cornichons Rustica 210g","p":2.03,"u":"9,67 €/KG","img":"https://fd8-photos.leclercdrive.fr/image.ashx?id=2916704&use=l&cat=p&typeid=i","cat":284458},{"id":40321,"n":"Bonbons Confiseo Menthe Extrême - 250g","p":1.49,"u":"5,96 €/KG","img":"https://fd8-photos.leclercdrive.fr/image.ashx?id=2934712&use=l&cat=p&typeid=i","cat":304252},{"id":40330,"n":"Sablés P'tit Déli Pur beurre framboise - 100g","p":1.18,"u":"11,80 €/KG","img":"https://fd8-photos.leclercdrive.fr/image.ashx?id=2669747&use=l&cat=p&typeid=i","cat":284487},{"id":40332,"n":"Bière aromatisée Desperados 5.9%vol. - 20x25cl","p":19.45,"u":"3,89 €/L","img":"https://fd8-photos.leclercdrive.fr/image.ashx?id=2977300&use=l&cat=p&typeid=i","cat":334878},{"id":40336,"n":"Bière blonde Heineken 12x33cl","p":11.3,"u":"2,85 €/L","img":"https://fd8-photos.leclercdrive.fr/image.ashx?id=3008110&use=l&cat=p&typeid=i","cat":334873},{"id":40337,"n":"Morilles déshydratées Notre Jardin pot 30g","p":12.78,"u":"426,00 €/KG","img":"https://fd8-photos.leclercdrive.fr/image.ashx?id=2418332&use=l&cat=p&typeid=i","cat":284352},{"id":40342,"n":"Serviette Tena Lady - Maxi Night - x12","p":6.42,"u":"0,54 €/P","img":"https://fd8-photos.leclercdrive.fr/image.ashx?id=2597232&use=l&cat=p&typeid=i","cat":284628},{"id":40345,"n":"Cotons Démaquillants Demak'Up Original ovale x70","p":1.85,"u":"0,03 €/P","img":"https://fd8-photos.leclercdrive.fr/image.ashx?id=2791458&use=l&cat=p&typeid=i","cat":285593},{"id":40372,"n":"Sauce Tomate Sacla'Italia Roquette - 190g","p":1.66,"u":"8,74 €/KG","img":"https://fd8-photos.leclercdrive.fr/image.ashx?id=2111544&use=l&cat=p&typeid=i","cat":287599},{"id":40373,"n":"Sauce Sacla'Italia Aubergines Alla parmigiana 190g","p":1.6,"u":"8,42 €/KG","img":"https://fd8-photos.leclercdrive.fr/image.ashx?id=2507041&use=l&cat=p&typeid=i","cat":287599},{"id":40390,"n":"Sauce Sacla'Italia Basilic 345g","p":1.28,"u":"3,71 €/KG","img":"https://fd8-photos.leclercdrive.fr/image.ashx?id=2662150&use=l&cat=p&typeid=i","cat":287599},{"id":40403,"n":"Sauce Pesto Sacla'Italia Bio Sans gluten - 190g","p":1.6,"u":"8,42 €/KG","img":"https://fd8-photos.leclercdrive.fr/image.ashx?id=2507068&use=l&cat=p&typeid=i","cat":318654},{"id":40412,"n":"Thon entier Petit Navire Huile de tournesol - 160g","p":1.99,"u":"12,44 €/KG","img":"https://fd8-photos.leclercdrive.fr/image.ashx?id=2523846&use=l&cat=p&typeid=i","cat":303867},{"id":40430,"n":"Plat bébé soir Blédiner 8 mois  Patate douce carotte - 2x200g","p":2.29,"u":"5,73 €/KG","img":"https://fd8-photos.leclercdrive.fr/image.ashx?id=2902969&use=l&cat=p&typeid=i","cat":312239},{"id":40490,"n":"Compote Andros Pomme abricot - 8x100g","p":4.59,"u":"5,74 €/KG","img":"https://fd8-photos.leclercdrive.fr/image.ashx?id=2968097&use=l&cat=p&typeid=i","cat":284416},{"id":40491,"n":"Compotes Andros Pomme poire 8x100g","p":2.79,"u":"3,49 €/KG","img":"https://fd8-photos.leclercdrive.fr/image.ashx?id=2883943&use=l&cat=p&typeid=i","cat":284416},{"id":40494,"n":"Compotes Andros Pomme châtaigne 8x100g","p":3.2,"u":"4,00 €/KG","img":"https://fd8-photos.leclercdrive.fr/image.ashx?id=2988611&use=l&cat=p&typeid=i","cat":284416},{"id":40495,"n":"Gâteau mix max Balconi Cacao 350g","p":1.99,"u":"5,69 €/KG","img":"https://fd8-photos.leclercdrive.fr/image.ashx?id=2878408&use=l&cat=p&typeid=i","cat":284495},{"id":40506,"n":"Sauce Sacla'Italia Gorgonzola oignon doux - 190g","p":1.58,"u":"8,32 €/KG","img":"https://fd8-photos.leclercdrive.fr/image.ashx?id=2507044&use=l&cat=p&typeid=i","cat":287599},{"id":40516,"n":"Compote Douceur du Verger Gourdes multivariétés - 12x90g","p":4.09,"u":"3,79 €/KG","img":"https://fd8-photos.leclercdrive.fr/image.ashx?id=2837051&use=l&cat=p&typeid=i","cat":284508},{"id":40518,"n":"Kit burritos Old El Paso extra doux - 491g","p":4.44,"u":"9,04 €/KG","img":"https://fd8-photos.leclercdrive.fr/image.ashx?id=2759496&use=l&cat=p&typeid=i","cat":288993},{"id":40519,"n":"Kit fajitas Old El Paso extra doux - 478g","p":5.45,"u":"11,40 €/KG","img":"https://fd8-photos.leclercdrive.fr/image.ashx?id=2765405&use=l&cat=p&typeid=i","cat":288993},{"id":40522,"n":"Préparation cassis NRT D'Ile de France - 315g","p":3.77,"u":"11,97 €/KG","img":"https://fd8-photos.leclercdrive.fr/image.ashx?id=779320&use=l&cat=p&typeid=i","cat":284480},{"id":40573,"n":"Tablette chocolat Milka Chocolat lait/Noisette - 2x100g","p":3.61,"u":"18,05 €/KG","img":"https://fd8-photos.leclercdrive.fr/image.ashx?id=2832422&use=l&cat=p&typeid=i","cat":284497},{"id":40574,"n":"Tablette chocolat Milka Chocolat lait/Riz - 2x100g","p":3.51,"u":"17,55 €/KG","img":"https://fd8-photos.leclercdrive.fr/image.ashx?id=2400448&use=l&cat=p&typeid=i","cat":284497},{"id":40586,"n":"Glaces Yéti Best Of - 8 bâtonnets - 360g","p":4.05,"u":"11,25 €/KG","img":"https://fd8-photos.leclercdrive.fr/image.ashx?id=1921194&use=l&cat=p&typeid=i","cat":285250},{"id":40610,"n":"Pérail Lou Pérac Fromage de brebis - 100g","p":1.77,"u":"17,70 €/KG","img":"https://fd8-photos.leclercdrive.fr/image.ashx?id=2848545&use=l&cat=p&typeid=i","cat":314031},{"id":40612,"n":"Fromage de Brebis Etorki  180g","p":3.83,"u":"21,28 €/KG","img":"https://fd8-photos.leclercdrive.fr/image.ashx?id=2702816&use=l&cat=p&typeid=i","cat":329184},{"id":40620,"n":"Jus innocent  orange sans pulpe 1.5L","p":3.89,"u":"2,59 €/L","img":"https://fd8-photos.leclercdrive.fr/image.ashx?id=2889811&use=l&cat=p&typeid=i","cat":285435},{"id":40625,"n":"AOC Fronton vin rosé Terrasses d'Autan - 75cl","p":2.99,"u":"3,99 €/L","img":"https://fd8-photos.leclercdrive.fr/image.ashx?id=2412034&use=l&cat=p&typeid=i","cat":289558},{"id":40626,"n":"AOC Rosé de Loire vin rosé Les Caractères - 75cl","p":3.69,"u":"4,92 €/L","img":"https://fd8-photos.leclercdrive.fr/image.ashx?id=2756149&use=l&cat=p&typeid=i","cat":289558},{"id":40627,"n":"AOC Rosé d'Anjou vin rosé Les Caractères - 75cl","p":3.89,"u":"5,19 €/L","img":"https://fd8-photos.leclercdrive.fr/image.ashx?id=2925707&use=l&cat=p&typeid=i","cat":289558},{"id":40628,"n":"AOC vin rouge Bergerac Bio Terrasses d'Autan - 75cl","p":3.99,"u":"5,32 €/L","img":"https://fd8-photos.leclercdrive.fr/image.ashx?id=2900202&use=l&cat=p&typeid=i","cat":289556},{"id":40631,"n":"Levure Chimique Alsacienne alsa 8 sachets - 88g","p":0.76,"u":"8,64 €/KG","img":"https://fd8-photos.leclercdrive.fr/image.ashx?id=3009335&use=l&cat=p&typeid=i","cat":294686},{"id":40649,"n":"Pansement Primoplast Transparents x40","p":0.99,"u":"0,02 €/P","img":"https://fd8-photos.leclercdrive.fr/image.ashx?id=2832957&use=l&cat=p&typeid=i","cat":284630},{"id":40652,"n":"Jus de cranberry Gayelord Hauser - 75cl","p":3.69,"u":"4,92 €/L","img":"https://fd8-photos.leclercdrive.fr/image.ashx?id=2750441&use=l&cat=p&typeid=i","cat":284915},{"id":40666,"n":"Antiseptique Primoplast Spray - 100ml","p":2.4,"u":"24,00 €/L","img":"https://fd8-photos.leclercdrive.fr/image.ashx?id=1724578&use=l&cat=p&typeid=i","cat":284630},{"id":40667,"n":"Shampooing Vitanove Nutrition - 750ml","p":3.99,"u":"5,32 €/L","img":"https://fd8-photos.leclercdrive.fr/image.ashx?id=2478925&use=l&cat=p&typeid=i","cat":284606},{"id":40670,"n":"Shampooing Vitanove Couleur - 750ml","p":3.99,"u":"5,32 €/L","img":"https://fd8-photos.leclercdrive.fr/image.ashx?id=1923577&use=l&cat=p&typeid=i","cat":284606},{"id":40676,"n":"Beurre Tendre Président Demi-sel - 80% MG - 250g","p":3.35,"u":"13,40 €/KG","img":"https://fd8-photos.leclercdrive.fr/image.ashx?id=2731420&use=l&cat=p&typeid=i","cat":284379},{"id":40708,"n":"IGP Gard vin rosé Rives & Terrasses 12% vol - BIB 5L","p":13.99,"u":"2,80 €/L","img":"https://fd8-photos.leclercdrive.fr/image.ashx?id=2882325&use=l&cat=p&typeid=i","cat":289560},{"id":40723,"n":"Fromage à tartiner Les Croisés Echalote et Ciboulette - 150g","p":1.66,"u":"11,07 €/KG","img":"https://fd8-photos.leclercdrive.fr/image.ashx?id=2476158&use=l&cat=p&typeid=i","cat":314029},{"id":40736,"n":"Saumon fumé Labeyrie Norvège 2 tranches - 75g","p":4.79,"u":"63,87 €/KG","img":"https://fd8-photos.leclercdrive.fr/image.ashx?id=2729905&use=l&cat=p&typeid=i","cat":285188},{"id":40739,"n":"AOC Savoie vin blanc Antoine Barrier - 75cl","p":6.79,"u":"9,05 €/L","img":"https://fd8-photos.leclercdrive.fr/image.ashx?id=2980677&use=l&cat=p&typeid=i","cat":289557},{"id":40774,"n":"Lingettes nettoyantes La Croix Désinfectant Javel - x 25","p":1.94,"u":"0,08 €/P","img":"https://fd8-photos.leclercdrive.fr/image.ashx?id=2540106&use=l&cat=p&typeid=i","cat":325358},{"id":40776,"n":"Détachant avant lavage K2R  Tâche incrustée mousse  - 400mL","p":2.79,"u":"6,98 €/L","img":"https://fd8-photos.leclercdrive.fr/image.ashx?id=2101177&use=l&cat=p&typeid=i","cat":284651},{"id":40786,"n":"Riz au lait Bio Bio Village Vanille - 4x100g","p":1.79,"u":"4,48 €/KG","img":"https://fd8-photos.leclercdrive.fr/image.ashx?id=2992636&use=l&cat=p&typeid=i","cat":284418},{"id":40789,"n":"Yaourts à boire Délisse Fraise - 8x100g","p":1.95,"u":"2,44 €/KG","img":"https://fd8-photos.leclercdrive.fr/image.ashx?id=2762504&use=l&cat=p&typeid=i","cat":284415},{"id":40790,"n":"Yaourt brassé Bio Bio Village Nature - 4x125g","p":1.2,"u":"2,40 €/KG","img":"https://fd8-photos.leclercdrive.fr/image.ashx?id=2064624&use=l&cat=p&typeid=i","cat":284409},{"id":40872,"n":"Ecrasé de légumes Florette Pomme de terre carottes 2x200g","p":3.15,"u":"7,88 €/KG","img":"https://fd8-photos.leclercdrive.fr/image.ashx?id=2767696&use=l&cat=p&typeid=i","cat":333665},{"id":40904,"n":"Pesto rosso Turini 190g","p":1.68,"u":"8,84 €/KG","img":"https://fd8-photos.leclercdrive.fr/image.ashx?id=2546257&use=l&cat=p&typeid=i","cat":287599},{"id":40908,"n":"Sauce pizza Tomapizza Panzani aux tomates et origan - 390g","p":1.39,"u":"3,56 €/KG","img":"https://fd8-photos.leclercdrive.fr/image.ashx?id=2744626&use=l&cat=p&typeid=i","cat":288384},{"id":40931,"n":"Whisky Aberlour 12 ans Single Malt Scotch 40% vol 70cl","p":32.7,"u":"46,71 €/L","img":"https://fd8-photos.leclercdrive.fr/image.ashx?id=2999847&use=l&cat=p&typeid=i","cat":284547},{"id":40943,"n":"Whisky Single malt Caol Ila 12ans 43%vol - 70cl","p":37.9,"u":"54,14 €/L","img":"https://fd8-photos.leclercdrive.fr/image.ashx?id=1853499&use=l&cat=p&typeid=i","cat":284547},{"id":40944,"n":"Whisky Singleton Duftown 12 ans - 70cl","p":27.76,"u":"39,66 €/L","img":"https://fd8-photos.leclercdrive.fr/image.ashx?id=2149453&use=l&cat=p&typeid=i","cat":284547},{"id":40946,"n":"Whisky Chivas Regal 18 ans Blended Scotch 40% vol - 70cl","p":50.9,"u":"72,71 €/L","img":"https://fd8-photos.leclercdrive.fr/image.ashx?id=2884084&use=l&cat=p&typeid=i","cat":284547},{"id":40948,"n":"Whisky Season Knockando 12 ans - 43%vol - 70cl","p":28.05,"u":"40,07 €/L","img":"https://fd8-photos.leclercdrive.fr/image.ashx?id=2397496&use=l&cat=p&typeid=i","cat":284547},{"id":40956,"n":"Whisky Jack Daniel's Single Barrel 70cL","p":30.53,"u":"43,61 €/L","img":"https://fd8-photos.leclercdrive.fr/image.ashx?id=2540013&use=l&cat=p&typeid=i","cat":284547},{"id":40967,"n":"AOP Bourgogne Aligoté vin blanc Antoine Barrier - 75cl","p":6.49,"u":"8,65 €/L","img":"https://fd8-photos.leclercdrive.fr/image.ashx?id=2883011&use=l&cat=p&typeid=i","cat":289557},{"id":40970,"n":"Croûtons Tipiak Fromage sachet - 140g","p":0.73,"u":"5,21 €/KG","img":"https://fd8-photos.leclercdrive.fr/image.ashx?id=2453355&use=l&cat=p&typeid=i","cat":284464},{"id":40980,"n":"Chargeur universel Foxter x1","p":17.99,"u":"Dont 0,10 € d'éco-part.","img":"https://fd8-photos.leclercdrive.fr/image.ashx?id=2162318&use=l&cat=p&typeid=i","cat":300572},{"id":40983,"n":"Torche universelle Foxter x1","p":6.9,"u":"Dont 0,10 € d'éco-part.","img":"https://fd8-photos.leclercdrive.fr/image.ashx?id=788332&use=l&cat=p&typeid=i","cat":300613},{"id":40984,"n":"Chargeur piles Basic' Foxter AA/HR6 1 AAA/HR3 + 4 piles HR6","p":14.79,"u":"Dont 0,10 € d'éco-part.","img":"https://fd8-photos.leclercdrive.fr/image.ashx?id=2034160&use=l&cat=p&typeid=i","cat":300572},{"id":40985,"n":"Chargeur piles Rapid' Foxter AA/HR6 & AAA/HR3 +4 piles HR6","p":19.99,"u":"Dont 0,10 € d'éco-part.","img":"https://fd8-photos.leclercdrive.fr/image.ashx?id=2162402&use=l&cat=p&typeid=i","cat":300572},{"id":40988,"n":"Détachant Ace Délicat Système 8+ 2L","p":4.99,"u":"2,50 €/L","img":"https://fd8-photos.leclercdrive.fr/image.ashx?id=2559152&use=l&cat=p&typeid=i","cat":284651},{"id":41002,"n":"Repas fraicheur pour chat Sheba Volaille en sauce - 6x50g","p":2.65,"u":"8,83 €/KG","img":"https://fd8-photos.leclercdrive.fr/image.ashx?id=2888097&use=l&cat=p&typeid=i","cat":285286},{"id":41004,"n":"Bâtonnets Dentastix Pedigree  Fresh Petit chien x7 - 110g","p":1.6,"u":"14,55 €/KG","img":"https://fd8-photos.leclercdrive.fr/image.ashx?id=2850168&use=l&cat=p&typeid=i","cat":294527},{"id":41006,"n":"Biscuits chien Pedigree Markies fourrés - 500g","p":1.75,"u":"3,50 €/KG","img":"https://fd8-photos.leclercdrive.fr/image.ashx?id=2254319&use=l&cat=p&typeid=i","cat":294527},{"id":41009,"n":"Friandises chat Catisfactions Fromage - 60g","p":1.23,"u":"20,50 €/KG","img":"https://fd8-photos.leclercdrive.fr/image.ashx?id=2912608&use=l&cat=p&typeid=i","cat":285285},{"id":41016,"n":"Sachet fraîcheur chat Sheba Poissons en sauce - 4x85g","p":2.19,"u":"6,44 €/KG","img":"https://fd8-photos.leclercdrive.fr/image.ashx?id=2759625&use=l&cat=p&typeid=i","cat":285286},{"id":41018,"n":"Pur jus d'ananas Jafaden Bouteille 1L","p":1.99,"u":"1,99 €/L","img":"https://fd8-photos.leclercdrive.fr/image.ashx?id=2956729&use=l&cat=p&typeid=i","cat":284916},{"id":41019,"n":"Pur jus de raisin Jafaden Bouteille 1L","p":1.54,"u":"1,54 €/L","img":"https://fd8-photos.leclercdrive.fr/image.ashx?id=2860757&use=l&cat=p&typeid=i","cat":284915},{"id":41020,"n":"Pur jus Jafaden Clémentine - 1L","p":1.91,"u":"1,91 €/L","img":"https://fd8-photos.leclercdrive.fr/image.ashx?id=2895786&use=l&cat=p&typeid=i","cat":284915},{"id":41022,"n":"Sachet fraicheur chat Sheba Thon cabillaud en sauce - 6x50g","p":2.74,"u":"9,13 €/KG","img":"https://fd8-photos.leclercdrive.fr/image.ashx?id=2347128&use=l&cat=p&typeid=i","cat":285286},{"id":41076,"n":"Café en grains Folliet A l'ancienne - 250g","p":5.8,"u":"23,20 €/KG","img":"https://fd8-photos.leclercdrive.fr/image.ashx?id=2118818&use=l&cat=p&typeid=i","cat":293237},{"id":41077,"n":"Café moulu Folliet Café à l'ancienne - 2x250g","p":10.57,"u":"21,14 €/KG","img":"https://fd8-photos.leclercdrive.fr/image.ashx?id=2021400&use=l&cat=p&typeid=i","cat":284750},{"id":41079,"n":"Yaourts Savoie Yaourt Fruits rouges - 6x125g","p":2.89,"u":"3,85 €/KG","img":"https://fd8-photos.leclercdrive.fr/image.ashx?id=2504746&use=l&cat=p&typeid=i","cat":284410},{"id":41117,"n":"Vinaigre de nettoyage Clair Citron - 750ml","p":1.95,"u":"2,60 €/L","img":"https://fd8-photos.leclercdrive.fr/image.ashx?id=2949188&use=l&cat=p&typeid=i","cat":325365},{"id":41140,"n":"Filets maquereaux Pêche Océan Naturel - 95g","p":1.48,"u":"15,58 €/KG","img":"https://fd8-photos.leclercdrive.fr/image.ashx?id=2515685&use=l&cat=p&typeid=i","cat":303868},{"id":41147,"n":"Bain de bouche Dentamyl Expert Sensitive - 500ml","p":1.89,"u":"3,78 €/L","img":"https://fd8-photos.leclercdrive.fr/image.ashx?id=2594570&use=l&cat=p&typeid=i","cat":284613},{"id":41161,"n":"Olives Apéritives A la provençale - 250g","p":3.99,"u":"15,96 €/KG","img":"https://fd8-photos.leclercdrive.fr/image.ashx?id=2833699&use=l&cat=p&typeid=i","cat":316002},{"id":41162,"n":"Olives Apéritives Cassées à l'ail - 250g","p":3.39,"u":"13,56 €/KG","img":"https://fd8-photos.leclercdrive.fr/image.ashx?id=2833696&use=l&cat=p&typeid=i","cat":316002},{"id":41185,"n":"Coloration permanente Vitanove  Blond foncé","p":3.08,"img":"https://fd8-photos.leclercdrive.fr/image.ashx?id=2522530&use=l&cat=p&typeid=i","cat":288899},{"id":41186,"n":"Coloration permanente Vitanove  Blond doré","p":3.23,"img":"https://fd8-photos.leclercdrive.fr/image.ashx?id=1938903&use=l&cat=p&typeid=i","cat":288899},{"id":41188,"n":"Captain Morgan Original Spiced Boisson à base de rhum- 70cl","p":12.69,"u":"18,13 €/L","img":"https://fd8-photos.leclercdrive.fr/image.ashx?id=2518403&use=l&cat=p&typeid=i","cat":284551},{"id":41190,"n":"Liqueur de Whisky Jack Daniel's Honey 70cL","p":19.95,"u":"28,50 €/L","img":"https://fd8-photos.leclercdrive.fr/image.ashx?id=2973982&use=l&cat=p&typeid=i","cat":286032},{"id":41192,"n":"Absorbeur Aero 360° Rubson Stop humidité - 20m²+1 recharge","p":24.77,"img":"https://fd8-photos.leclercdrive.fr/image.ashx?id=2380955&use=l&cat=p&typeid=i","cat":300576},{"id":41223,"n":"Chips natures paysannes Bret's Au sel de Guérande 250g","p":2.45,"u":"9,80 €/KG","img":"https://fd8-photos.leclercdrive.fr/image.ashx?id=2217651&use=l&cat=p&typeid=i","cat":284447},{"id":41237,"n":"Beurre La Motte Président Doux - 82%mg - 250g","p":3.19,"u":"12,76 €/KG","img":"https://fd8-photos.leclercdrive.fr/image.ashx?id=2896955&use=l&cat=p&typeid=i","cat":284379},{"id":41238,"n":"Beurre La Motte Président Sel de mer - 80% MG - 250g","p":3.19,"u":"12,76 €/KG","img":"https://fd8-photos.leclercdrive.fr/image.ashx?id=2896958&use=l&cat=p&typeid=i","cat":284379},{"id":41265,"n":"Abricots pelés St Mamet Boîte 4/4 475g","p":2.49,"u":"5,24 €/KG","img":"https://fd8-photos.leclercdrive.fr/image.ashx?id=2593896&use=l&cat=p&typeid=i","cat":284507},{"id":41268,"n":"Croquettes chat  Eco+ Viandes légumes-  2kg","p":2.33,"u":"1,17 €/KG","img":"https://fd8-photos.leclercdrive.fr/image.ashx?id=2932381&use=l&cat=p&typeid=i","cat":284680},{"id":41275,"n":"Croquettes chat Purina One Sterilisé - Poulet - 1,5kg","p":6.96,"u":"4,64 €/KG","img":"https://fd8-photos.leclercdrive.fr/image.ashx?id=2488046&use=l&cat=p&typeid=i","cat":284680},{"id":41282,"n":"Croquettes petit chien Ultima  Jack Russell poulet - 1,5kg","p":5.59,"u":"3,73 €/KG","img":"https://fd8-photos.leclercdrive.fr/image.ashx?id=2918089&use=l&cat=p&typeid=i","cat":294526},{"id":41283,"n":"Sachets pour chats Gourmet Multivariétés - 12x85g","p":6.19,"u":"6,07 €/KG","img":"https://fd8-photos.leclercdrive.fr/image.ashx?id=2902343&use=l&cat=p&typeid=i","cat":285286},{"id":41285,"n":"Croquettes chaton Purina One  Junior -Poulet/Céréales - 1,5kg","p":7.39,"u":"4,93 €/KG","img":"https://fd8-photos.leclercdrive.fr/image.ashx?id=2433563&use=l&cat=p&typeid=i","cat":284680},{"id":41286,"n":"Croquettes chat Purina One  Stérilisé Adulte-Saumon/Blé-3kg","p":13.79,"u":"4,60 €/KG","img":"https://fd8-photos.leclercdrive.fr/image.ashx?id=2488049&use=l&cat=p&typeid=i","cat":284680},{"id":41287,"n":"Croquettes chiens Purina One Minis chiens adultes -  1,5kg","p":4.33,"u":"2,89 €/KG","img":"https://fd8-photos.leclercdrive.fr/image.ashx?id=2899674&use=l&cat=p&typeid=i","cat":294526},{"id":41289,"n":"Croquettes chat Purina One Urinary care - Poulet - 450g","p":2.95,"u":"6,56 €/KG","img":"https://fd8-photos.leclercdrive.fr/image.ashx?id=2459940&use=l&cat=p&typeid=i","cat":284680},{"id":41293,"n":"Sachets repas chats Purina One Stérilisés - Saumon Dinde 4x85g","p":2.15,"u":"6,32 €/KG","img":"https://fd8-photos.leclercdrive.fr/image.ashx?id=2902349&use=l&cat=p&typeid=i","cat":285286},{"id":41337,"n":"Lait céréales Blédidej 9 mois Madeleine - 4x250ml","p":3.79,"u":"3,79 €/L","img":"https://fd8-photos.leclercdrive.fr/image.ashx?id=2921052&use=l&cat=p&typeid=i","cat":312226},{"id":41352,"n":"Gommage visage Inell Douceur - 75ml","p":2.0,"u":"26,67 €/L","img":"https://fd8-photos.leclercdrive.fr/image.ashx?id=2686344&use=l&cat=p&typeid=i","cat":284603},{"id":41364,"n":"Cordon bleu Côté Croc Comté - 200g","p":2.05,"u":"10,25 €/KG","img":"https://fd8-photos.leclercdrive.fr/image.ashx?id=2800240&use=l&cat=p&typeid=i","cat":333683},{"id":41366,"n":"Nuggets de poulet Côté Croc Croustillant - 200g","p":1.79,"u":"8,95 €/KG","img":"https://fd8-photos.leclercdrive.fr/image.ashx?id=2462257&use=l&cat=p&typeid=i","cat":333684},{"id":41381,"n":"Gratin Côté Table Endives au jambon - 280g","p":3.09,"u":"11,04 €/KG","img":"https://fd8-photos.leclercdrive.fr/image.ashx?id=2759217&use=l&cat=p&typeid=i","cat":333665},{"id":41422,"n":"Fromage à Tartiner St Môret  Nature - 300g","p":2.89,"u":"9,63 €/KG","img":"https://fd8-photos.leclercdrive.fr/image.ashx?id=2755465&use=l&cat=p&typeid=i","cat":314029},{"id":41460,"n":"Pain de mie 100% Mie Harrys Complet sans croûte - 500g","p":1.99,"u":"3,98 €/KG","img":"https://fd8-photos.leclercdrive.fr/image.ashx?id=2731864&use=l&cat=p&typeid=i","cat":284477},{"id":41463,"n":"Autocollants Insectivor Anti-mouches - x4","p":2.54,"u":"0,64 €/P","img":"https://fd8-photos.leclercdrive.fr/image.ashx?id=2606828&use=l&cat=p&typeid=i","cat":298368},{"id":41464,"n":"Purée de tomates Turini Brique 500g","p":0.75,"u":"1,50 €/KG","img":"https://fd8-photos.leclercdrive.fr/image.ashx?id=2729287&use=l&cat=p&typeid=i","cat":288384},{"id":41465,"n":"Cotons Inell Maxi confort x80","p":1.78,"img":"https://fd8-photos.leclercdrive.fr/image.ashx?id=1926969&use=l&cat=p&typeid=i","cat":284636},{"id":41466,"n":"Coton carré bébé Mots d'Enfants Aloe vera x50","p":1.67,"u":"0,03 €/P","img":"https://fd8-photos.leclercdrive.fr/image.ashx?id=3014236&use=l&cat=p&typeid=i","cat":284739},{"id":41467,"n":"Sauce Pesto Tradizioni d'Italia Rosso - 180g","p":1.82,"u":"10,11 €/KG","img":"https://fd8-photos.leclercdrive.fr/image.ashx?id=2840034&use=l&cat=p&typeid=i","cat":287599},{"id":41478,"n":"Mouchoirs blancs 3 plis Univert Boîte mouchoirs en papier -x100","p":1.55,"u":"0,02 €/P","img":"https://fd8-photos.leclercdrive.fr/image.ashx?id=1960038&use=l&cat=p&typeid=i","cat":284638},{"id":41488,"n":"Sachets Insectivor Anti-mites anti-acariens - x24","p":2.89,"u":"0,12 €/P","img":"https://fd8-photos.leclercdrive.fr/image.ashx?id=2930352&use=l&cat=p&typeid=i","cat":298368},{"id":41491,"n":"Tartines croustillantes Wasa Léger - 270g","p":1.79,"u":"6,63 €/KG","img":"https://fd8-photos.leclercdrive.fr/image.ashx?id=3011851&use=l&cat=p&typeid=i","cat":284479},{"id":41492,"n":"Tartines croustillantes Wasa Fibres - 230g","p":1.69,"u":"7,35 €/KG","img":"https://fd8-photos.leclercdrive.fr/image.ashx?id=3011854&use=l&cat=p&typeid=i","cat":284479},{"id":41493,"n":"Tartines croustillantes Wasa Authentique - 275g","p":1.65,"u":"6,00 €/KG","img":"https://fd8-photos.leclercdrive.fr/image.ashx?id=3011857&use=l&cat=p&typeid=i","cat":284479},{"id":41517,"n":"Couches bébé Mots d'Enfants T6 Douceur - 16kg+ - x58 changes","p":12.75,"img":"https://fd8-photos.leclercdrive.fr/image.ashx?id=2904577&use=l&cat=p&typeid=i","cat":284737},{"id":41524,"n":"Ossau Iraty AOP Istara Fromage de brebis - 180g","p":3.69,"u":"20,50 €/KG","img":"https://fd8-photos.leclercdrive.fr/image.ashx?id=2766193&use=l&cat=p&typeid=i","cat":329184},{"id":41532,"n":"Gressins Tradizioni d'Italia A la turinoise - 250g","p":2.29,"u":"9,16 €/KG","img":"https://fd8-photos.leclercdrive.fr/image.ashx?id=2743918&use=l&cat=p&typeid=i","cat":297000},{"id":41551,"n":"Soda Schweppes Saveur Citron - 1,5L","p":2.08,"u":"1,39 €/L","img":"https://fd8-photos.leclercdrive.fr/image.ashx?id=2852417&use=l&cat=p&typeid=i","cat":284532},{"id":41556,"n":"Boisson aux fruits Oasis Orange - 2L","p":2.49,"u":"1,25 €/L","img":"https://fd8-photos.leclercdrive.fr/image.ashx?id=2688653&use=l&cat=p&typeid=i","cat":295018},{"id":41557,"n":"Céréales Cookie Crisp Nestlé 625g","p":3.82,"u":"6,11 €/KG","img":"https://fd8-photos.leclercdrive.fr/image.ashx?id=2927672&use=l&cat=p&typeid=i","cat":309513},{"id":41579,"n":"Macédoine déjà égouttée D'aucy  530g","p":1.83,"u":"3,45 €/KG","img":"https://fd8-photos.leclercdrive.fr/image.ashx?id=2835833&use=l&cat=p&typeid=i","cat":312612},{"id":41596,"n":"Chips Lay's Saveur spicy - 130g","p":1.69,"u":"13,00 €/KG","img":"https://fd8-photos.leclercdrive.fr/image.ashx?id=3011131&use=l&cat=p&typeid=i","cat":284447},{"id":41602,"n":"Fond d'artichauts Eco + 210g","p":1.75,"u":"8,33 €/KG","img":"https://fd8-photos.leclercdrive.fr/image.ashx?id=2822917&use=l&cat=p&typeid=i","cat":312611},{"id":41606,"n":"Artichauts Tradizioni d'Italia  Demi coeurs - 280g","p":3.89,"u":"13,89 €/KG","img":"https://fd8-photos.leclercdrive.fr/image.ashx?id=2840040&use=l&cat=p&typeid=i","cat":312611},{"id":41625,"n":"Tomates Tradizioni d'Italia Séchées à huile d'olive - 270g","p":3.49,"u":"12,93 €/KG","img":"https://fd8-photos.leclercdrive.fr/image.ashx?id=2840037&use=l&cat=p&typeid=i","cat":284458},{"id":41646,"n":"AOC Buzet vin rosé Terrasses d'Autan - 75cl","p":3.99,"u":"5,32 €/L","img":"https://fd8-photos.leclercdrive.fr/image.ashx?id=2152576&use=l&cat=p&typeid=i","cat":289558},{"id":41647,"n":"AOP Alsace Gewurztraminer   vin blanc Rebmann - 75 cl","p":5.99,"u":"7,99 €/L","img":"https://fd8-photos.leclercdrive.fr/image.ashx?id=2836322&use=l&cat=p&typeid=i","cat":289557},{"id":41691,"n":"AOP Cabernet d'Anjou BIO vin  rosé Les Caractères - 75cl","p":4.99,"u":"6,65 €/L","img":"https://fd8-photos.leclercdrive.fr/image.ashx?id=2946871&use=l&cat=p&typeid=i","cat":289558},{"id":41700,"n":"Sauce Tomate Cuisinée Heinz Ail & Oignon - 520g","p":1.37,"u":"2,63 €/KG","img":"https://fd8-photos.leclercdrive.fr/image.ashx?id=2950849&use=l&cat=p&typeid=i","cat":288384},{"id":41754,"n":"IGP Mortadelle Bologna Montorsi I Freshi - 120g","p":2.7,"u":"22,50 €/KG","img":"https://fd8-photos.leclercdrive.fr/image.ashx?id=2525852&use=l&cat=p&typeid=i","cat":316009},{"id":41781,"n":"Whisky Cardhu Gold reserve 40%vol. - 70cl","p":36.11,"u":"51,59 €/L","img":"https://fd8-photos.leclercdrive.fr/image.ashx?id=2518400&use=l&cat=p&typeid=i","cat":284547},{"id":41782,"n":"Whisky Talisker Skye 45,8%vol. Etui - 70cl","p":33.9,"u":"48,43 €/L","img":"https://fd8-photos.leclercdrive.fr/image.ashx?id=2165887&use=l&cat=p&typeid=i","cat":284547},{"id":41797,"n":"Sauce Barbecue Heinz Classic - 480g","p":2.05,"u":"4,27 €/KG","img":"https://fd8-photos.leclercdrive.fr/image.ashx?id=2928351&use=l&cat=p&typeid=i","cat":318431},{"id":41800,"n":"Mayonnaise Fine & Douce Lesieur 475g","p":2.29,"u":"4,82 €/KG","img":"https://fd8-photos.leclercdrive.fr/image.ashx?id=2918541&use=l&cat=p&typeid=i","cat":298295},{"id":41801,"n":"Châtaignes entières D'aucy 510g","p":7.77,"u":"15,24 €/KG","img":"https://fd8-photos.leclercdrive.fr/image.ashx?id=2542962&use=l&cat=p&typeid=i","cat":312612},{"id":41804,"n":"Asperges vertes d'aucy  37cl","p":2.68,"u":"14,49 €/KG","img":"https://fd8-photos.leclercdrive.fr/image.ashx?id=2665901&use=l&cat=p&typeid=i","cat":312611},{"id":41806,"n":"Ketchup nature Amora 850g","p":2.19,"u":"2,58 €/KG","img":"https://fd8-photos.leclercdrive.fr/image.ashx?id=2589690&use=l&cat=p&typeid=i","cat":284455},{"id":41819,"n":"Sauce Andalouse Heinz - 220g","p":1.67,"u":"7,59 €/KG","img":"https://fd8-photos.leclercdrive.fr/image.ashx?id=2973327&use=l&cat=p&typeid=i","cat":318431},{"id":41823,"n":"Sauce barbecue/miel Amora 282g","p":1.65,"u":"5,85 €/KG","img":"https://fd8-photos.leclercdrive.fr/image.ashx?id=2654188&use=l&cat=p&typeid=i","cat":318431},{"id":41827,"n":"Nuggets de Poulet Père Dodu   x20 - 400g - Familial","p":3.69,"u":"9,23 €/KG","img":"https://fd8-photos.leclercdrive.fr/image.ashx?id=2957167&use=l&cat=p&typeid=i","cat":333684},{"id":41828,"n":"AOC Bergerac vin rosé  Terrasses d'Autan - 75cl","p":2.99,"u":"3,99 €/L","img":"https://fd8-photos.leclercdrive.fr/image.ashx?id=2677089&use=l&cat=p&typeid=i","cat":289558},{"id":41829,"n":"AOP Bordeaux vin rosé  Chantet Blanet - 75cl","p":2.99,"u":"3,99 €/L","img":"https://fd8-photos.leclercdrive.fr/image.ashx?id=2869492&use=l&cat=p&typeid=i","cat":289558},{"id":41830,"n":"Saucisses Francfort Stoeffler Cuites et fumées - 6x40g","p":1.56,"u":"6,50 €/KG","img":"https://fd8-photos.leclercdrive.fr/image.ashx?id=2767537&use=l&cat=p&typeid=i","cat":316012},{"id":41831,"n":"AOC Bordeaux Sauvignon vin  blanc Chantet Blanet - 75cl","p":3.95,"u":"5,27 €/L","img":"https://fd8-photos.leclercdrive.fr/image.ashx?id=2679750&use=l&cat=p&typeid=i","cat":289557},{"id":41832,"n":"Saucisse Strasbourg Stoeffler Cuites et fumées 6x40g","p":2.79,"u":"11,63 €/KG","img":"https://fd8-photos.leclercdrive.fr/image.ashx?id=2767534&use=l&cat=p&typeid=i","cat":316012},{"id":41833,"n":"AOC Bourgogne Chardonnay vin  blanc Antoine Barrier - 37,5cl","p":4.25,"u":"11,33 €/L","img":"https://fd8-photos.leclercdrive.fr/image.ashx?id=2677095&use=l&cat=p&typeid=i","cat":289557},{"id":41835,"n":"AOC Bourgueil vin rouge Les Caractères - 75cl","p":4.49,"u":"5,99 €/L","img":"https://fd8-photos.leclercdrive.fr/image.ashx?id=2776564&use=l&cat=p&typeid=i","cat":289556},{"id":41836,"n":"AOP Bergerac vin rouge Terrasses d'Autan - 75cl","p":2.99,"u":"3,99 €/L","img":"https://fd8-photos.leclercdrive.fr/image.ashx?id=2943100&use=l&cat=p&typeid=i","cat":289556},{"id":41839,"n":"AOC Côtes du Rhône vin rouge Grégoire XI - 37,5 cl","p":2.39,"u":"6,37 €/L","img":"https://fd8-photos.leclercdrive.fr/image.ashx?id=2714986&use=l&cat=p&typeid=i","cat":289556},{"id":41840,"n":"AOC Costières de Nîmes vin rouge Rives & Terrasses - 75cl","p":2.99,"u":"3,99 €/L","img":"https://fd8-photos.leclercdrive.fr/image.ashx?id=2845143&use=l&cat=p&typeid=i","cat":289556},{"id":41841,"n":"AOP Bordeaux vin rouge Chantet Blanet - 75cl","p":2.89,"u":"3,85 €/L","img":"https://fd8-photos.leclercdrive.fr/image.ashx?id=2741285&use=l&cat=p&typeid=i","cat":289556},{"id":41846,"n":"Compotes Andros Panachés 16x100g","p":4.85,"u":"3,03 €/KG","img":"https://fd8-photos.leclercdrive.fr/image.ashx?id=2921343&use=l&cat=p&typeid=i","cat":284416},{"id":41852,"n":"Sauce pomme frite Amora 260g","p":1.79,"u":"6,88 €/KG","img":"https://fd8-photos.leclercdrive.fr/image.ashx?id=2957776&use=l&cat=p&typeid=i","cat":318431},{"id":41857,"n":"Bière Alveringem Abbaye Rouge 5%vol. - 6x25cl","p":3.78,"u":"2,52 €/L","img":"https://fd8-photos.leclercdrive.fr/image.ashx?id=2637919&use=l&cat=p&typeid=i","cat":334878},{"id":41858,"n":"Yaourt SMARTIES Fraise bonbons chocolat 4x120g","p":2.55,"u":"5,31 €/KG","img":"https://fd8-photos.leclercdrive.fr/image.ashx?id=2890046&use=l&cat=p&typeid=i","cat":284414},{"id":41860,"n":"AOC Côtes de Provence vin rosé Prestige Terres Ocrées - 75cl","p":6.49,"u":"8,65 €/L","img":"https://fd8-photos.leclercdrive.fr/image.ashx?id=2925704&use=l&cat=p&typeid=i","cat":289558},{"id":41861,"n":"AOC Luberon Rosé Rives & Terrasses - 75cl","p":3.49,"u":"4,65 €/L","img":"https://fd8-photos.leclercdrive.fr/image.ashx?id=2891893&use=l&cat=p&typeid=i","cat":289558},{"id":41862,"n":"Compotes Andros 6 Pommes  et 6 pommes fraises - 12x100g","p":4.03,"u":"3,36 €/KG","img":"https://fd8-photos.leclercdrive.fr/image.ashx?id=2988318&use=l&cat=p&typeid=i","cat":284416},{"id":41865,"n":"AOC Coteaux Varois en Provence vin rosé Terres Ocrées - 75cl","p":4.49,"u":"5,99 €/L","img":"https://fd8-photos.leclercdrive.fr/image.ashx?id=2750141&use=l&cat=p&typeid=i","cat":289558},{"id":41867,"n":"AOC Côtes de Provence vin rosé Terres Ocrées - 37,5cl","p":2.99,"u":"7,97 €/L","img":"https://fd8-photos.leclercdrive.fr/image.ashx?id=2891782&use=l&cat=p&typeid=i","cat":289558},{"id":41868,"n":"Bûche de chèvre Soignon 400g","p":4.44,"u":"11,10 €/KG","img":"https://fd8-photos.leclercdrive.fr/image.ashx?id=2840988&use=l&cat=p&typeid=i","cat":314031},{"id":41869,"n":"AOC Gros Plant du Pays nantais vin blanc Les Caractères - 75cl","p":3.9,"u":"5,20 €/L","img":"https://fd8-photos.leclercdrive.fr/image.ashx?id=2969604&use=l&cat=p&typeid=i","cat":289557},{"id":41870,"n":"Pur jus d'orange Jafaden Sans pulpe - 50cl","p":1.15,"u":"2,30 €/L","img":"https://fd8-photos.leclercdrive.fr/image.ashx?id=2917652&use=l&cat=p&typeid=i","cat":284521},{"id":41871,"n":"AOC Côtes du Roussillon vin  rouge Prieur Barsanne - 75cl","p":2.99,"u":"3,99 €/L","img":"https://fd8-photos.leclercdrive.fr/image.ashx?id=2713177&use=l&cat=p&typeid=i","cat":289556},{"id":41878,"n":"Bière aromatisée Desquiles Red 5,9%vol. - 50cl","p":1.49,"u":"2,98 €/L","img":"https://fd8-photos.leclercdrive.fr/image.ashx?id=2664809&use=l&cat=p&typeid=i","cat":334853},{"id":41880,"n":"AOC Graves vin rouge Chantet Blanet - 75cl","p":4.75,"u":"6,33 €/L","img":"https://fd8-photos.leclercdrive.fr/image.ashx?id=2721361&use=l&cat=p&typeid=i","cat":289556},{"id":41881,"n":"AOC Gaillac vin rouge Terrasses d'Autan - 75cl","p":2.99,"u":"3,99 €/L","img":"https://fd8-photos.leclercdrive.fr/image.ashx?id=2751901&use=l&cat=p&typeid=i","cat":289556},{"id":41882,"n":"AOC Fronton vin rouge Terrasses d'Autan - 75cl","p":2.99,"u":"3,99 €/L","img":"https://fd8-photos.leclercdrive.fr/image.ashx?id=1950183&use=l&cat=p&typeid=i","cat":289556},{"id":41883,"n":"Steaks Hachés Charolais Charal Pur Bœuf 12%MG - 10x100g - 1kg","p":16.28,"u":"16,28 €/KG","img":"https://fd8-photos.leclercdrive.fr/image.ashx?id=2741943&use=l&cat=p&typeid=i","cat":319778},{"id":41892,"n":"Pur jus multifruits Jafaden 50cl","p":0.99,"u":"1,98 €/L","img":"https://fd8-photos.leclercdrive.fr/image.ashx?id=2919631&use=l&cat=p&typeid=i","cat":284917},{"id":41903,"n":"Jus de pomme Jafaden A base de concentré - 2L","p":1.85,"u":"0,93 €/L","img":"https://fd8-photos.leclercdrive.fr/image.ashx?id=2470240&use=l&cat=p&typeid=i","cat":284522},{"id":41910,"n":"Sirop de pêche de Provence NRT 70cl","p":3.2,"u":"4,57 €/L","img":"https://fd8-photos.leclercdrive.fr/image.ashx?id=2699825&use=l&cat=p&typeid=i","cat":295020},{"id":41914,"n":"Crème hydratante Inell Visage-corps 200ml","p":2.07,"u":"10,35 €/L","img":"https://fd8-photos.leclercdrive.fr/image.ashx?id=1903869&use=l&cat=p&typeid=i","cat":325345},{"id":41915,"n":"AOP Morgon vin rouge Antoine Barrier - 75cl","p":6.99,"u":"9,32 €/L","img":"https://fd8-photos.leclercdrive.fr/image.ashx?id=2919640&use=l&cat=p&typeid=i","cat":289556},{"id":41917,"n":"AOC Ventoux vin rouge Rives & Terrasses - 75cl","p":2.99,"u":"3,99 €/L","img":"https://fd8-photos.leclercdrive.fr/image.ashx?id=2905916&use=l&cat=p&typeid=i","cat":289556},{"id":41920,"n":"Patch pureté Inell x6","p":2.4,"u":"0,40 €/P","img":"https://fd8-photos.leclercdrive.fr/image.ashx?id=2657727&use=l&cat=p&typeid=i","cat":284603},{"id":41921,"n":"Vin d'Union Européenne blanc Adrien Champaud - 75 cl","p":1.85,"u":"2,47 €/L","img":"https://fd8-photos.leclercdrive.fr/image.ashx?id=2955722&use=l&cat=p&typeid=i","cat":289557},{"id":41922,"n":"Vin d'Union Européenne rosé Adrien Champaud - 75 cl","p":1.85,"u":"2,47 €/L","img":"https://fd8-photos.leclercdrive.fr/image.ashx?id=2955728&use=l&cat=p&typeid=i","cat":289558},{"id":41923,"n":"Vin d'Union Européenne rosé Adrien Champaud 11% vol BIB 5L","p":8.49,"u":"1,70 €/L","img":"https://fd8-photos.leclercdrive.fr/image.ashx?id=2959707&use=l&cat=p&typeid=i","cat":289560},{"id":41924,"n":"Vin d'Union Européenne rouge Adrien Champaud 12% vol BIB 5L","p":8.49,"u":"1,70 €/L","img":"https://fd8-photos.leclercdrive.fr/image.ashx?id=2959713&use=l&cat=p&typeid=i","cat":289560},{"id":41990,"n":"Steaks Hachés Limousin Charal Pur Bœuf 12%MG - 8x125g - 1kg","p":15.91,"u":"15,91 €/KG","img":"https://fd8-photos.leclercdrive.fr/image.ashx?id=2974626&use=l&cat=p&typeid=i","cat":319778},{"id":42044,"n":"Noix de cajou Maître Prunille Sans sel, grillé, sachet 200g","p":4.89,"u":"24,45 €/KG","img":"https://fd8-photos.leclercdrive.fr/image.ashx?id=1750478&use=l&cat=p&typeid=i","cat":284357},{"id":42045,"n":"Amande grillée Maître Prunille Décortiquée sans sel 250g","p":6.39,"u":"25,56 €/KG","img":"https://fd8-photos.leclercdrive.fr/image.ashx?id=1750481&use=l&cat=p&typeid=i","cat":284448},{"id":42046,"n":"Pruneaux d'Agen Maître Prunille IGP Dénoyautés - 500g","p":5.9,"u":"11,80 €/KG","img":"https://fd8-photos.leclercdrive.fr/image.ashx?id=2016029&use=l&cat=p&typeid=i","cat":284357},{"id":42058,"n":"Asperges blanches d'aucy 37cl","p":2.68,"u":"13,07 €/KG","img":"https://fd8-photos.leclercdrive.fr/image.ashx?id=2665895&use=l&cat=p&typeid=i","cat":312611},{"id":42060,"n":"IGP Pays d'Oc Syrah vin rosé Vieux Carion 12% vol - BIB 3L","p":7.99,"u":"2,66 €/L","img":"https://fd8-photos.leclercdrive.fr/image.ashx?id=2900343&use=l&cat=p&typeid=i","cat":289560},{"id":42063,"n":"Madeleines Saint Michel Oeufs de poule plein air - 500g","p":1.95,"u":"3,90 €/KG","img":"https://fd8-photos.leclercdrive.fr/image.ashx?id=2936191&use=l&cat=p&typeid=i","cat":284492},{"id":42064,"n":"Madeleines Saint Michel Oeufs de poule plein air - 300g","p":2.94,"u":"9,80 €/KG","img":"https://fd8-photos.leclercdrive.fr/image.ashx?id=2936203&use=l&cat=p&typeid=i","cat":284492},{"id":42067,"n":"Biscuits p'tit déjeuner BN Chocolat - 200g","p":1.58,"u":"7,90 €/KG","img":"https://fd8-photos.leclercdrive.fr/image.ashx?id=2603468&use=l&cat=p&typeid=i","cat":284491},{"id":42096,"n":"Thon vapeur Petit Navire Nature - 2x130g","p":3.98,"u":"15,31 €/KG","img":"https://fd8-photos.leclercdrive.fr/image.ashx?id=2592225&use=l&cat=p&typeid=i","cat":303867},{"id":42111,"n":"Haché de veau Férial Façon bouchère - x2 - 200g","p":3.19,"u":"15,95 €/KG","img":"https://fd8-photos.leclercdrive.fr/image.ashx?id=2903986&use=l&cat=p&typeid=i","cat":284332},{"id":42117,"n":"Céréales muesli Bjorg Bio Sans sucre ajoutés - 375g","p":1.77,"u":"4,72 €/KG","img":"https://fd8-photos.leclercdrive.fr/image.ashx?id=2906163&use=l&cat=p&typeid=i","cat":309512},{"id":42123,"n":"Jus de pruneaux Gayelord Hauser - 75cl","p":2.41,"u":"3,21 €/L","img":"https://fd8-photos.leclercdrive.fr/image.ashx?id=2962482&use=l&cat=p&typeid=i","cat":284915},{"id":42131,"n":"Huile vierge de colza Cauvin 75cl","p":3.39,"u":"4,52 €/L","img":"https://fd8-photos.leclercdrive.fr/image.ashx?id=2498347&use=l&cat=p&typeid=i","cat":284453},{"id":42140,"n":"Sirop La Maison Guiot Grenadine - 70cl","p":3.49,"u":"4,99 €/L","img":"https://fd8-photos.leclercdrive.fr/image.ashx?id=2857195&use=l&cat=p&typeid=i","cat":295020},{"id":42184,"n":"Kir royal Lejay Lagoute 12%vol - 75cl","p":4.26,"u":"5,68 €/L","img":"https://fd8-photos.leclercdrive.fr/image.ashx?id=2953923&use=l&cat=p&typeid=i","cat":284544},{"id":42218,"n":"Bloc WC Bref Power  Activ'Océan toilettes - 50g x1","p":1.27,"u":"25,40 €/KG","img":"https://fd8-photos.leclercdrive.fr/image.ashx?id=2789802&use=l&cat=p&typeid=i","cat":284662},{"id":42235,"n":"Galette Tipiak Jambon/fromage - 2x125g","p":2.48,"u":"9,92 €/KG","img":"https://fd8-photos.leclercdrive.fr/image.ashx?id=2819334&use=l&cat=p&typeid=i","cat":319776},{"id":42289,"n":"Huile pimentée pizza Cauvin A l'huile d'olive - 25cl","p":1.55,"u":"6,20 €/L","img":"https://fd8-photos.leclercdrive.fr/image.ashx?id=2539857&use=l&cat=p&typeid=i","cat":284453},{"id":42290,"n":"Huile de colza Eco + 1L","p":1.46,"u":"1,46 €/L","img":"https://fd8-photos.leclercdrive.fr/image.ashx?id=3002503&use=l&cat=p&typeid=i","cat":284453},{"id":42295,"n":"Vinaigrette bi-phase Rustica Vin rouge/échalote - 50cl","p":2.49,"u":"4,98 €/L","img":"https://fd8-photos.leclercdrive.fr/image.ashx?id=2142190&use=l&cat=p&typeid=i","cat":284456},{"id":42297,"n":"Sauce caesar Rustica 50cl","p":2.59,"u":"5,18 €/L","img":"https://fd8-photos.leclercdrive.fr/image.ashx?id=1972928&use=l&cat=p&typeid=i","cat":284456},{"id":42298,"n":"Boisson végétale Bio Village Avoine bio - 1l","p":1.39,"u":"1,39 €/L","img":"https://fd8-photos.leclercdrive.fr/image.ashx?id=2358096&use=l&cat=p&typeid=i","cat":316067},{"id":42305,"n":"IGP Vinaigre balsamique Maille De Modène - 250ml","p":2.02,"u":"8,08 €/L","img":"https://fd8-photos.leclercdrive.fr/image.ashx?id=2805669&use=l&cat=p&typeid=i","cat":298543},{"id":42321,"n":"Nettoyant Menager Cif lingettes Ocean Antibacterien - x120","p":2.75,"img":"https://fd8-photos.leclercdrive.fr/image.ashx?id=2747163&use=l&cat=p&typeid=i","cat":325358},{"id":42325,"n":"Spray Nettoyant Menager Cif  Antibacterien - 750 ml","p":2.47,"u":"3,29 €/L","img":"https://fd8-photos.leclercdrive.fr/image.ashx?id=2813540&use=l&cat=p&typeid=i","cat":325357},{"id":42331,"n":"Saucisses Knacki Herta Poulet x10 - 350g","p":1.72,"u":"4,91 €/KG","img":"https://fd8-photos.leclercdrive.fr/image.ashx?id=2290431&use=l&cat=p&typeid=i","cat":316012},{"id":42341,"n":"Compotes Pom'Potes Gourdes  Multivariétés Inédits - 12x90g","p":5.75,"u":"5,32 €/KG","img":"https://fd8-photos.leclercdrive.fr/image.ashx?id=2864309&use=l&cat=p&typeid=i","cat":284508},{"id":42347,"n":"Pansements enfants Primoplast x20","p":0.69,"u":"0,03 €/P","img":"https://fd8-photos.leclercdrive.fr/image.ashx?id=2958062&use=l&cat=p&typeid=i","cat":284630},{"id":42428,"n":"Pains au chocolat Pasquier x8 - 360g","p":2.35,"u":"6,53 €/KG","img":"https://fd8-photos.leclercdrive.fr/image.ashx?id=2863446&use=l&cat=p&typeid=i","cat":296366},{"id":42442,"n":"Moutarde forte Eco + 370g","p":0.73,"u":"1,97 €/KG","img":"https://fd8-photos.leclercdrive.fr/image.ashx?id=2954319&use=l&cat=p&typeid=i","cat":288850},{"id":42448,"n":"Capsules Nescafé Dolce Gusto  Ricoré Latte - x16","p":5.01,"u":"29,82 €/KG","img":"https://fd8-photos.leclercdrive.fr/image.ashx?id=2818085&use=l&cat=p&typeid=i","cat":293239},{"id":42449,"n":"Antipasto tomate séchée Sacla 280g","p":2.18,"u":"7,79 €/KG","img":"https://fd8-photos.leclercdrive.fr/image.ashx?id=2290482&use=l&cat=p&typeid=i","cat":284458},{"id":42452,"n":"Moutarde douce Amora Flacon souple - 260g","p":2.05,"u":"7,88 €/KG","img":"https://fd8-photos.leclercdrive.fr/image.ashx?id=3005401&use=l&cat=p&typeid=i","cat":288850},{"id":42454,"n":"Olives vertes Crespo Farçies aux amandes - 198g","p":1.66,"u":"8,38 €/KG","img":"https://fd8-photos.leclercdrive.fr/image.ashx?id=2172076&use=l&cat=p&typeid=i","cat":284458},{"id":42459,"n":"Olives noires à la Grecque Eco+ 400g","p":2.23,"u":"5,58 €/KG","img":"https://fd8-photos.leclercdrive.fr/image.ashx?id=2499064&use=l&cat=p&typeid=i","cat":284458},{"id":42460,"n":"Olives vertes entières Eco + 400g","p":1.07,"u":"2,68 €/KG","img":"https://fd8-photos.leclercdrive.fr/image.ashx?id=2609261&use=l&cat=p&typeid=i","cat":284458},{"id":42461,"n":"Olives vertes Eco + Dénoyautées - 320g","p":1.88,"u":"5,88 €/KG","img":"https://fd8-photos.leclercdrive.fr/image.ashx?id=2609264&use=l&cat=p&typeid=i","cat":284458},{"id":42505,"n":"Crème dessert Mont Blanc Boîte Caramel - 570g","p":2.04,"u":"3,58 €/KG","img":"https://fd8-photos.leclercdrive.fr/image.ashx?id=3011599&use=l&cat=p&typeid=i","cat":284506},{"id":42506,"n":"Crème dessert Mont Blanc Riz au lait Vanille - 570g","p":2.05,"u":"3,60 €/KG","img":"https://fd8-photos.leclercdrive.fr/image.ashx?id=2838392&use=l&cat=p&typeid=i","cat":284506},{"id":42507,"n":"Crème dessert Mont Blanc Choco Vanille Praliné - 6x125g","p":3.94,"u":"5,25 €/KG","img":"https://fd8-photos.leclercdrive.fr/image.ashx?id=3011605&use=l&cat=p&typeid=i","cat":284506},{"id":42508,"n":"Cookies Nestlé Dessert Pépites de chocolat - 351g","p":3.41,"u":"9,72 €/KG","img":"https://fd8-photos.leclercdrive.fr/image.ashx?id=2848382&use=l&cat=p&typeid=i","cat":284505},{"id":42516,"n":"Préparation Francine Pâte à pizza - 520g","p":1.34,"u":"2,58 €/KG","img":"https://fd8-photos.leclercdrive.fr/image.ashx?id=2989123&use=l&cat=p&typeid=i","cat":284503},{"id":42560,"n":"Jus innocent ananas passion 900ml","p":2.75,"u":"3,06 €/L","img":"https://fd8-photos.leclercdrive.fr/image.ashx?id=2861740&use=l&cat=p&typeid=i","cat":285435},{"id":42563,"n":"Boisson végétale lait d'amande bio bjorg sans sucre - 1l","p":1.85,"u":"1,85 €/L","img":"https://fd8-photos.leclercdrive.fr/image.ashx?id=2939415&use=l&cat=p&typeid=i","cat":316067},{"id":42565,"n":"Vinaigre blanc d'alcool Eco +  - 1,5L","p":0.6,"u":"0,40 €/L","img":"https://fd8-photos.leclercdrive.fr/image.ashx?id=2954049&use=l&cat=p&typeid=i","cat":298543},{"id":42567,"n":"Pâte à tartiner Bio Jardin Bio - 750g","p":7.85,"u":"10,47 €/KG","img":"https://fd8-photos.leclercdrive.fr/image.ashx?id=2918925&use=l&cat=p&typeid=i","cat":284481},{"id":42569,"n":"Double concentré Bio Jardin Bio Tomate - 140g","p":1.0,"u":"7,14 €/KG","img":"https://fd8-photos.leclercdrive.fr/image.ashx?id=2944867&use=l&cat=p&typeid=i","cat":288384},{"id":42574,"n":"Café moulu Bio Ethiquable  100% arabica Honduras - 250g","p":4.53,"u":"18,12 €/KG","img":"https://fd8-photos.leclercdrive.fr/image.ashx?id=2876815&use=l&cat=p&typeid=i","cat":284750},{"id":42575,"n":"Café moulu Bio Ethiquable  100% arabica Pérou - 250g","p":7.0,"u":"28,00 €/KG","img":"https://fd8-photos.leclercdrive.fr/image.ashx?id=2876818&use=l&cat=p&typeid=i","cat":284750},{"id":42578,"n":"Chocolat pâtissier Ethiquable Bio - Noir - 200g","p":8.28,"u":"41,40 €/KG","img":"https://fd8-photos.leclercdrive.fr/image.ashx?id=2870863&use=l&cat=p&typeid=i","cat":285562},{"id":42624,"n":"Pâtes coudes rayés Panzani 1kg","p":2.19,"u":"2,19 €/KG","img":"https://fd8-photos.leclercdrive.fr/image.ashx?id=2876029&use=l&cat=p&typeid=i","cat":284427},{"id":42628,"n":"Chips Bret's Fromage du Jura - 125g","p":1.19,"u":"9,52 €/KG","img":"https://fd8-photos.leclercdrive.fr/image.ashx?id=1916976&use=l&cat=p&typeid=i","cat":284447},{"id":42646,"n":"Lingettes lait Demak'up Peaux normales 2x25","p":5.07,"u":"0,10 €/P","img":"https://fd8-photos.leclercdrive.fr/image.ashx?id=2999880&use=l&cat=p&typeid=i","cat":284603},{"id":42649,"n":"Crème douche Manava Surgras - 250ml","p":0.94,"u":"3,76 €/L","img":"https://fd8-photos.leclercdrive.fr/image.ashx?id=2456147&use=l&cat=p&typeid=i","cat":284594},{"id":42655,"n":"Huile merveilleuse Garnier Huile d'argan & camélia - 150ml","p":6.79,"u":"45,27 €/L","img":"https://fd8-photos.leclercdrive.fr/image.ashx?id=2661730&use=l&cat=p&typeid=i","cat":284608},{"id":42667,"n":"Soin de jour L'Oréal Paris Revitalift Anti-Âge - 50ml","p":9.0,"u":"180,00 €/L","img":"https://fd8-photos.leclercdrive.fr/image.ashx?id=2921876&use=l&cat=p&typeid=i","cat":325345},{"id":42677,"n":"Soin cheveux nutrition Dessange Cheveux secs - 100ml","p":6.49,"u":"64,90 €/L","img":"https://fd8-photos.leclercdrive.fr/image.ashx?id=2400969&use=l&cat=p&typeid=i","cat":284608},{"id":42680,"n":"Gorgonzola AOP Tradizioni d'Italia - 200g","p":3.37,"u":"16,85 €/KG","img":"https://fd8-photos.leclercdrive.fr/image.ashx?id=794147&use=l&cat=p&typeid=i","cat":314032},{"id":42681,"n":"Mozzarella Tradizioni d'Italia Di Bufala Campana AOP - 200g","p":3.31,"u":"16,55 €/KG","img":"https://fd8-photos.leclercdrive.fr/image.ashx?id=2954190&use=l&cat=p&typeid=i","cat":314026},{"id":42703,"n":"P'tit Basque Istara Fromage de brebis - 220g","p":5.39,"u":"24,50 €/KG","img":"https://fd8-photos.leclercdrive.fr/image.ashx?id=2759876&use=l&cat=p&typeid=i","cat":329184},{"id":42747,"n":"Whisky blend the Famous grouse 40%vol. - 1L","p":23.27,"u":"23,27 €/L","img":"https://fd8-photos.leclercdrive.fr/image.ashx?id=2958878&use=l&cat=p&typeid=i","cat":284547},{"id":42757,"n":"Emmental rapé Eco + 30% MG - 500g","p":3.7,"u":"7,40 €/KG","img":"https://fd8-photos.leclercdrive.fr/image.ashx?id=2942172&use=l&cat=p&typeid=i","cat":314035},{"id":42759,"n":"Copeaux Parmigiano Reggiano AOP Les Croisés - 80g","p":1.9,"u":"23,75 €/KG","img":"https://fd8-photos.leclercdrive.fr/image.ashx?id=2935504&use=l&cat=p&typeid=i","cat":314035},{"id":42788,"n":"Tranchettes de chèvre 32.4% MG Les Croisés - 200g","p":3.19,"u":"15,95 €/KG","img":"https://fd8-photos.leclercdrive.fr/image.ashx?id=2796061&use=l&cat=p&typeid=i","cat":314028},{"id":42789,"n":"Cheddar Les Croisés 32% MG Tranchettes - 200g","p":2.64,"u":"13,20 €/KG","img":"https://fd8-photos.leclercdrive.fr/image.ashx?id=2796064&use=l&cat=p&typeid=i","cat":314028},{"id":42798,"n":"Miel de fleurs d'Oranger Nid d'Abeille - 250g","p":2.99,"u":"11,96 €/KG","img":"https://fd8-photos.leclercdrive.fr/image.ashx?id=2434242&use=l&cat=p&typeid=i","cat":287643},{"id":42799,"n":"Miel liquide Bio Squeezer Bio village - 250g","p":2.95,"u":"11,80 €/KG","img":"https://fd8-photos.leclercdrive.fr/image.ashx?id=795654&use=l&cat=p&typeid=i","cat":287643},{"id":42809,"n":"Berlingots de javel Clair Eucalyptus - 3x250ml","p":1.3,"u":"1,73 €/L","img":"https://fd8-photos.leclercdrive.fr/image.ashx?id=2949194&use=l&cat=p&typeid=i","cat":284661},{"id":42826,"n":"Nettoyant vitre cristal Clair 750 ml","p":1.75,"u":"2,33 €/L","img":"https://fd8-photos.leclercdrive.fr/image.ashx?id=1647715&use=l&cat=p&typeid=i","cat":325363},{"id":42846,"n":"Cacahuètes Menguy's Grillées et salées - 800g","p":5.5,"u":"6,88 €/KG","img":"https://fd8-photos.leclercdrive.fr/image.ashx?id=2979800&use=l&cat=p&typeid=i","cat":284448},{"id":42847,"n":"Pop corn salé Menguy's Micro-ondes - 3x90g","p":1.98,"u":"7,33 €/KG","img":"https://fd8-photos.leclercdrive.fr/image.ashx?id=2966023&use=l&cat=p&typeid=i","cat":284449},{"id":42872,"n":"Jus innocent pomme framboise 900ml","p":2.95,"u":"3,28 €/L","img":"https://fd8-photos.leclercdrive.fr/image.ashx?id=2862877&use=l&cat=p&typeid=i","cat":285435},{"id":42874,"n":"Jus innocent poire pêche 900ml","p":2.38,"u":"2,64 €/L","img":"https://fd8-photos.leclercdrive.fr/image.ashx?id=2893000&use=l&cat=p&typeid=i","cat":285435},{"id":42876,"n":"Jus innocent pomme mangue 900ml","p":2.95,"u":"3,28 €/L","img":"https://fd8-photos.leclercdrive.fr/image.ashx?id=2892220&use=l&cat=p&typeid=i","cat":285435},{"id":42877,"n":"Jus innocent orange kiwi 900ml","p":2.95,"u":"3,28 €/L","img":"https://fd8-photos.leclercdrive.fr/image.ashx?id=2891226&use=l&cat=p&typeid=i","cat":285435},{"id":42936,"n":"Rouleau papier cadeau Esquisse Crèche - 2m x0.7m","p":0.99,"img":"https://fd8-photos.leclercdrive.fr/image.ashx?id=2600294&use=l&cat=p&typeid=i","cat":335914},{"id":42938,"n":"Soupe instantanée Royco  Bouillon de Volailles 3x200ml","p":1.2,"u":"37,50 €/KG","img":"https://fd8-photos.leclercdrive.fr/image.ashx?id=2651423&use=l&cat=p&typeid=i","cat":293527},{"id":42964,"n":"Os à mâcher Lydog Fourrés boeuf - 2x100g","p":2.3,"u":"11,50 €/KG","img":"https://fd8-photos.leclercdrive.fr/image.ashx?id=1947283&use=l&cat=p&typeid=i","cat":294527},{"id":42965,"n":"Pepites de chocolat au lait Tablier Blanc - 100g","p":2.03,"u":"20,30 €/KG","img":"https://fd8-photos.leclercdrive.fr/image.ashx?id=2723141&use=l&cat=p&typeid=i","cat":284504},{"id":42966,"n":"Haricots verts Notre Jardin Extra fins - 455g","p":1.97,"u":"4,33 €/KG","img":"https://fd8-photos.leclercdrive.fr/image.ashx?id=2988084&use=l&cat=p&typeid=i","cat":312606},{"id":42967,"n":"Haricots verts Notre Jardin Extra fins vapeur - 225g","p":1.6,"u":"7,11 €/KG","img":"https://fd8-photos.leclercdrive.fr/image.ashx?id=2988087&use=l&cat=p&typeid=i","cat":312606},{"id":42968,"n":"Petits pois doux Notre Jardin Vapeur - 530g","p":1.91,"u":"3,60 €/KG","img":"https://fd8-photos.leclercdrive.fr/image.ashx?id=3002608&use=l&cat=p&typeid=i","cat":312607},{"id":42969,"n":"Petits pois doux Notre Jardin Vapeur - 265g","p":1.29,"u":"4,87 €/KG","img":"https://fd8-photos.leclercdrive.fr/image.ashx?id=3002611&use=l&cat=p&typeid=i","cat":312607},{"id":42974,"n":"Haricots rouges Notre Jardin A la mexicaine - 800g","p":2.42,"u":"3,03 €/KG","img":"https://fd8-photos.leclercdrive.fr/image.ashx?id=3002614&use=l&cat=p&typeid=i","cat":312612},{"id":42977,"n":"Mini crackers Bio Village Bio Fromage/courges - 110g","p":2.44,"u":"22,18 €/KG","img":"https://fd8-photos.leclercdrive.fr/image.ashx?id=1944150&use=l&cat=p&typeid=i","cat":297000},{"id":42980,"n":"Goûter fourré Bio Village Bio Chocolat noir - 185g","p":2.03,"u":"10,97 €/KG","img":"https://fd8-photos.leclercdrive.fr/image.ashx?id=2704502&use=l&cat=p&typeid=i","cat":284488},{"id":42981,"n":"Goûter fourré Bio Village Bio - Chocolat au lait - 185g","p":2.06,"u":"11,14 €/KG","img":"https://fd8-photos.leclercdrive.fr/image.ashx?id=2704505&use=l&cat=p&typeid=i","cat":284488},{"id":42992,"n":"Tortillas chips Tokapi Fromage - 150g","p":0.99,"u":"6,60 €/KG","img":"https://fd8-photos.leclercdrive.fr/image.ashx?id=2647961&use=l&cat=p&typeid=i","cat":287899},{"id":43004,"n":"Crêpes apéritives Tokapi Roquefort - 65g","p":1.9,"u":"29,23 €/KG","img":"https://fd8-photos.leclercdrive.fr/image.ashx?id=2874693&use=l&cat=p&typeid=i","cat":297000},{"id":43006,"n":"Colorants alimentaires  Tablier Blanc - 3x6ml","p":1.24,"u":"68,89 €/L","img":"https://fd8-photos.leclercdrive.fr/image.ashx?id=2487470&use=l&cat=p&typeid=i","cat":284504},{"id":43009,"n":"Biscuits fourrés P'tit Deli Noisette - 225g","p":1.38,"u":"6,13 €/KG","img":"https://fd8-photos.leclercdrive.fr/image.ashx?id=2861419&use=l&cat=p&typeid=i","cat":284488},{"id":43010,"n":"Biscuit roulé P'tit Deli Cacao/vanille - 154g","p":0.88,"u":"5,71 €/KG","img":"https://fd8-photos.leclercdrive.fr/image.ashx?id=2124110&use=l&cat=p&typeid=i","cat":284488},{"id":43016,"n":"Asperges blanches moyennes Notre Jardin - 205g","p":1.99,"u":"9,71 €/KG","img":"https://fd8-photos.leclercdrive.fr/image.ashx?id=2049058&use=l&cat=p&typeid=i","cat":312611},{"id":43017,"n":"Betterave en Dés Notre Jardin 265g","p":1.02,"u":"3,85 €/KG","img":"https://fd8-photos.leclercdrive.fr/image.ashx?id=1993203&use=l&cat=p&typeid=i","cat":312611},{"id":43019,"n":"Biscuits animaux P'tit Déli Nappés chocolat lait - 225g","p":1.64,"u":"7,29 €/KG","img":"https://fd8-photos.leclercdrive.fr/image.ashx?id=2529602&use=l&cat=p&typeid=i","cat":284488},{"id":43049,"n":"Steak haché charolais Férial  15%mg x4 - 400g","p":6.39,"u":"15,98 €/KG","img":"https://fd8-photos.leclercdrive.fr/image.ashx?id=2823762&use=l&cat=p&typeid=i","cat":319778},{"id":43151,"n":"Rasoir jetable Wilkinson Xtreme3 Ultimate x8","p":10.49,"u":"1,31 €/P","img":"https://fd8-photos.leclercdrive.fr/image.ashx?id=2215179&use=l&cat=p&typeid=i","cat":284616},{"id":43197,"n":"Tartine Grilletine de Pasquier Briochées - x18 - 242g","p":1.95,"u":"8,06 €/KG","img":"https://fd8-photos.leclercdrive.fr/image.ashx?id=2333054&use=l&cat=p&typeid=i","cat":284479},{"id":43218,"n":"Pains au lait Pasquier x20 - 700g","p":2.89,"u":"4,13 €/KG","img":"https://fd8-photos.leclercdrive.fr/image.ashx?id=2609315&use=l&cat=p&typeid=i","cat":293505},{"id":43237,"n":"Lotion démaquillante Inell Douceur yeux - 150ml","p":1.6,"u":"10,67 €/L","img":"https://fd8-photos.leclercdrive.fr/image.ashx?id=1993197&use=l&cat=p&typeid=i","cat":284603},{"id":43239,"n":"Boulette de boeuf Tendre & Plus Nature - 375g","p":5.42,"u":"14,45 €/KG","img":"https://fd8-photos.leclercdrive.fr/image.ashx?id=2711175&use=l&cat=p&typeid=i","cat":284332},{"id":43246,"n":"Nouilles de Savoie NRT 250g","p":1.19,"u":"4,76 €/KG","img":"https://fd8-photos.leclercdrive.fr/image.ashx?id=2704906&use=l&cat=p&typeid=i","cat":284427},{"id":43247,"n":"Tuiles apéritives Tokapi Poulet braisé - 170g","p":1.55,"u":"9,12 €/KG","img":"https://fd8-photos.leclercdrive.fr/image.ashx?id=2815752&use=l&cat=p&typeid=i","cat":287899},{"id":43266,"n":"Formule boost Daco Bello Fruits secs - 200g","p":3.99,"u":"19,95 €/KG","img":"https://fd8-photos.leclercdrive.fr/image.ashx?id=2576955&use=l&cat=p&typeid=i","cat":284357},{"id":43267,"n":"Mélange de fruit sec Daco Bello Formule équilibre  - 200g","p":3.99,"u":"19,95 €/KG","img":"https://fd8-photos.leclercdrive.fr/image.ashx?id=2292904&use=l&cat=p&typeid=i","cat":284357},{"id":43269,"n":"Formule détente Daco Bello Pomme - 200g","p":3.99,"u":"19,95 €/KG","img":"https://fd8-photos.leclercdrive.fr/image.ashx?id=2620284&use=l&cat=p&typeid=i","cat":284357},{"id":43271,"n":"Formule pep's Daco Bello Physalis - 200g","p":3.99,"u":"19,95 €/KG","img":"https://fd8-photos.leclercdrive.fr/image.ashx?id=2292877&use=l&cat=p&typeid=i","cat":284357},{"id":43279,"n":"Sorbet plein fruit L'Angelys Framboise - 500g","p":4.14,"u":"8,28 €/KG","img":"https://fd8-photos.leclercdrive.fr/image.ashx?id=2963556&use=l&cat=p&typeid=i","cat":284263},{"id":43287,"n":"Dentifrice Dentamyl Blancheur extrême - 75ml","p":0.95,"u":"12,67 €/L","img":"https://fd8-photos.leclercdrive.fr/image.ashx?id=2613837&use=l&cat=p&typeid=i","cat":284612},{"id":43292,"n":"Gel peau nette Inell Imperfection - 200ml","p":3.25,"u":"16,25 €/L","img":"https://fd8-photos.leclercdrive.fr/image.ashx?id=2078353&use=l&cat=p&typeid=i","cat":284603},{"id":43293,"n":"Lotion nettoyante Inell 200ml","p":3.29,"u":"16,45 €/L","img":"https://fd8-photos.leclercdrive.fr/image.ashx?id=2691670&use=l&cat=p&typeid=i","cat":284603},{"id":43303,"n":"Panna Cotta Fruits rouges Rians 2x120g","p":2.79,"u":"11,63 €/KG","img":"https://fd8-photos.leclercdrive.fr/image.ashx?id=2555412&use=l&cat=p&typeid=i","cat":284419},{"id":43308,"n":"Dessert fruits mixés Sojasun Citron - 4x100g","p":1.75,"u":"4,38 €/KG","img":"https://fd8-photos.leclercdrive.fr/image.ashx?id=2355674&use=l&cat=p&typeid=i","cat":316071},{"id":43309,"n":"Dessert végétal Sojasun  Chocolat - 6x100g","p":2.49,"u":"4,15 €/KG","img":"https://fd8-photos.leclercdrive.fr/image.ashx?id=2355692&use=l&cat=p&typeid=i","cat":316071},{"id":43310,"n":"Dessert végétal Sojasun Vanille - 6x100g","p":2.39,"u":"3,98 €/KG","img":"https://fd8-photos.leclercdrive.fr/image.ashx?id=2355695&use=l&cat=p&typeid=i","cat":316071},{"id":43341,"n":"Thon mariné Petit Navire Basilic - 110g","p":2.19,"u":"19,91 €/KG","img":"https://fd8-photos.leclercdrive.fr/image.ashx?id=2542965&use=l&cat=p&typeid=i","cat":303867},{"id":43358,"n":"Sel fin Eco+ Boîte verseuse - 750g","p":0.53,"u":"0,71 €/KG","img":"https://fd8-photos.leclercdrive.fr/image.ashx?id=2050582&use=l&cat=p&typeid=i","cat":284457},{"id":43371,"n":"AOC Saint-Nicolas-de-Bourgueil vin rouge Les Caractères - 75cl","p":4.99,"u":"6,65 €/L","img":"https://fd8-photos.leclercdrive.fr/image.ashx?id=2894734&use=l&cat=p&typeid=i","cat":289556},{"id":43373,"n":"AOP Vin rouge  Alsace Pinot noir - 75 cl","p":5.99,"u":"7,99 €/L","img":"https://fd8-photos.leclercdrive.fr/image.ashx?id=2919637&use=l&cat=p&typeid=i","cat":289556},{"id":43374,"n":"AOC Bordeaux BIO vin rouge Chantet Blanet - 75cl","p":4.75,"u":"6,33 €/L","img":"https://fd8-photos.leclercdrive.fr/image.ashx?id=2750174&use=l&cat=p&typeid=i","cat":289556},{"id":43381,"n":"Dessert liégeois Viennois  Chocolat - 12x100g","p":4.05,"u":"3,38 €/KG","img":"https://fd8-photos.leclercdrive.fr/image.ashx?id=2875987&use=l&cat=p&typeid=i","cat":285042},{"id":43394,"n":"Spaghetti  Tradizioni d'Italia n°118  Pasta di Gragnano 500g","p":1.52,"u":"3,04 €/KG","img":"https://fd8-photos.leclercdrive.fr/image.ashx?id=2657301&use=l&cat=p&typeid=i","cat":284427},{"id":43396,"n":"Farfalle Tradizioni d'Italia N°210 - 500g","p":1.52,"u":"3,04 €/KG","img":"https://fd8-photos.leclercdrive.fr/image.ashx?id=2657304&use=l&cat=p&typeid=i","cat":284427},{"id":43398,"n":"Fusilli Tradizioni d'Italia N°140 - 500g","p":1.52,"u":"3,04 €/KG","img":"https://fd8-photos.leclercdrive.fr/image.ashx?id=2657307&use=l&cat=p&typeid=i","cat":284427},{"id":43403,"n":"Orechiette Tradizioni d'Italia N°292 - 500g","p":1.69,"u":"3,38 €/KG","img":"https://fd8-photos.leclercdrive.fr/image.ashx?id=2699507&use=l&cat=p&typeid=i","cat":284427},{"id":43407,"n":"Glace à l'eau Smicy Star  Framboise Orange Citron x8 480g","p":2.59,"u":"5,40 €/KG","img":"https://fd8-photos.leclercdrive.fr/image.ashx?id=2954884&use=l&cat=p&typeid=i","cat":285250},{"id":43409,"n":"AOP Côtes de Bergerac moelleux Terrasses d'Autan - 75cl","p":3.7,"u":"4,93 €/L","img":"https://fd8-photos.leclercdrive.fr/image.ashx?id=2929873&use=l&cat=p&typeid=i","cat":289557},{"id":43417,"n":"IGP Pays d'Oc blanc Roche Mazet Chardonnay 12.5% vol - 75cl","p":2.93,"u":"3,91 €/L","img":"https://fd8-photos.leclercdrive.fr/image.ashx?id=2991945&use=l&cat=p&typeid=i","cat":289557},{"id":43418,"n":"IGP Pays d'OC Vin rosé Roche Mazet Syrah - 75cl","p":3.35,"u":"4,47 €/L","img":"https://fd8-photos.leclercdrive.fr/image.ashx?id=2342030&use=l&cat=p&typeid=i","cat":289558},{"id":43419,"n":"IGP Pays d'oc rosé Roche Mazet Merlot 12% vol - 75 cl","p":2.73,"u":"3,64 €/L","img":"https://fd8-photos.leclercdrive.fr/image.ashx?id=2342045&use=l&cat=p&typeid=i","cat":289558},{"id":43509,"n":"Ktipiti Tables du Monde 200g","p":1.69,"u":"8,45 €/KG","img":"https://fd8-photos.leclercdrive.fr/image.ashx?id=2872448&use=l&cat=p&typeid=i","cat":315999},{"id":43604,"n":"Jus d'orange Jafaden Sans pulpe - 1.5L","p":3.13,"u":"2,09 €/L","img":"https://fd8-photos.leclercdrive.fr/image.ashx?id=2723147&use=l&cat=p&typeid=i","cat":285435},{"id":43605,"n":"Jus de clémentine Jafaden  1.5L","p":2.99,"u":"1,99 €/L","img":"https://fd8-photos.leclercdrive.fr/image.ashx?id=2723150&use=l&cat=p&typeid=i","cat":285435},{"id":43617,"n":"Poivre gris moulu Ducros Classique - 36g","p":1.54,"u":"42,78 €/KG","img":"https://fd8-photos.leclercdrive.fr/image.ashx?id=2559475&use=l&cat=p&typeid=i","cat":284457},{"id":43618,"n":"Flocons d'avoine Quaker Oats 550g","p":1.44,"u":"2,62 €/KG","img":"https://fd8-photos.leclercdrive.fr/image.ashx?id=2140656&use=l&cat=p&typeid=i","cat":309512},{"id":43619,"n":"AOC Blaye Côtes de Bordeaux vin rouge Chantet Blanet - 75cl","p":3.8,"u":"5,07 €/L","img":"https://fd8-photos.leclercdrive.fr/image.ashx?id=2727395&use=l&cat=p&typeid=i","cat":289556},{"id":43621,"n":"Liquide vaisselle Uni vert Ecologique PSS 500ml","p":1.15,"u":"2,30 €/L","img":"https://fd8-photos.leclercdrive.fr/image.ashx?id=2999508&use=l&cat=p&typeid=i","cat":284655},{"id":43623,"n":"AOC Bordeaux vin rouge Chantet Blanet - 37,5cl","p":1.99,"u":"5,31 €/L","img":"https://fd8-photos.leclercdrive.fr/image.ashx?id=2718611&use=l&cat=p&typeid=i","cat":289556},{"id":43625,"n":"AOC Saint-Chinian vin rouge Prieur Barsanne - 75cl","p":3.49,"u":"4,65 €/L","img":"https://fd8-photos.leclercdrive.fr/image.ashx?id=2729290&use=l&cat=p&typeid=i","cat":289556},{"id":43669,"n":"AOC Puisseguin Saint-Émilion vin rouge Chantet Blanet - 75cl","p":6.49,"u":"8,65 €/L","img":"https://fd8-photos.leclercdrive.fr/image.ashx?id=2783431&use=l&cat=p&typeid=i","cat":289556},{"id":43670,"n":"AOC Juliénas vin rouge Antoine Barrier - 75cl","p":6.99,"u":"9,32 €/L","img":"https://fd8-photos.leclercdrive.fr/image.ashx?id=2909401&use=l&cat=p&typeid=i","cat":289556},{"id":43693,"n":"Couches Mots d'Enfants Activ+ T3 : 4/9kg - x47 changes","p":14.35,"u":"0,31 €/P","img":"https://fd8-photos.leclercdrive.fr/image.ashx?id=2946454&use=l&cat=p&typeid=i","cat":284737},{"id":43696,"n":"AOC Côtes du Marmandais vin rouge Terrasses d'Autan - 75cl","p":2.99,"u":"3,99 €/L","img":"https://fd8-photos.leclercdrive.fr/image.ashx?id=2298263&use=l&cat=p&typeid=i","cat":289556},{"id":43707,"n":"Laque Ultra-Forte L'Oréal Paris Thermoprotecteur - 150ml","p":3.51,"u":"23,40 €/L","img":"https://fd8-photos.leclercdrive.fr/image.ashx?id=2582237&use=l&cat=p&typeid=i","cat":284609},{"id":43718,"n":"Croquettes chat Whiskas Stérilisé saumon - 1,75kg","p":5.29,"u":"3,02 €/KG","img":"https://fd8-photos.leclercdrive.fr/image.ashx?id=2915597&use=l&cat=p&typeid=i","cat":284680},{"id":43719,"n":"Croquettes chat Whiskas Stérilisé poulet - 1.75kg","p":5.35,"u":"3,06 €/KG","img":"https://fd8-photos.leclercdrive.fr/image.ashx?id=2952872&use=l&cat=p&typeid=i","cat":284680},{"id":43758,"n":"AOP Brouilly vin rouge Antoine Barrier - 75cl","p":6.79,"u":"9,05 €/L","img":"https://fd8-photos.leclercdrive.fr/image.ashx?id=3004552&use=l&cat=p&typeid=i","cat":289556},{"id":43760,"n":"Biscuits fourrés Prince Vanille - 300g","p":1.55,"u":"5,17 €/KG","img":"https://fd8-photos.leclercdrive.fr/image.ashx?id=2907695&use=l&cat=p&typeid=i","cat":284488},{"id":43761,"n":"Flacon persil de France 7g","p":1.69,"u":"241,43 €/KG","img":"https://fd8-photos.leclercdrive.fr/image.ashx?id=2973583&use=l&cat=p&typeid=i","cat":298297},{"id":43770,"n":"Après-shampooing Vitanov Nutrition - 750ml","p":4.08,"u":"5,44 €/L","img":"https://fd8-photos.leclercdrive.fr/image.ashx?id=1923583&use=l&cat=p&typeid=i","cat":284607},{"id":43778,"n":"Morceaux de thon Listao Eco+ 130g","p":0.99,"u":"7,62 €/KG","img":"https://fd8-photos.leclercdrive.fr/image.ashx?id=2698141&use=l&cat=p&typeid=i","cat":303867},{"id":43781,"n":"Céréales Extra Kellogg's Chocolat Noir Noisettes - 800g","p":5.09,"u":"6,36 €/KG","img":"https://fd8-photos.leclercdrive.fr/image.ashx?id=2775026&use=l&cat=p&typeid=i","cat":309512},{"id":43844,"n":"Friandises chats Tous mes amis Sticks au Poulet - 3x5g - 15g","p":0.56,"u":"37,33 €/KG","img":"https://fd8-photos.leclercdrive.fr/image.ashx?id=1947507&use=l&cat=p&typeid=i","cat":285285},{"id":43845,"n":"Friandises chats Tous mes amis Sticks au Saumon  - 3x5g - 15g","p":0.56,"u":"37,33 €/KG","img":"https://fd8-photos.leclercdrive.fr/image.ashx?id=802043&use=l&cat=p&typeid=i","cat":285285},{"id":43895,"n":"AOC Ventoux vin rosé Rives & Terrasses - 75cl","p":2.99,"u":"3,99 €/L","img":"https://fd8-photos.leclercdrive.fr/image.ashx?id=2869489&use=l&cat=p&typeid=i","cat":289558},{"id":43924,"n":"AOP Vin blanc italien  Prosecco Vilaveroni 75cl","p":7.95,"u":"10,60 €/L","img":"https://fd8-photos.leclercdrive.fr/image.ashx?id=2492351&use=l&cat=p&typeid=i","cat":289461},{"id":43930,"n":"Vin mousseux blanc Festillant Sans alcool - 75cl","p":3.06,"u":"4,08 €/L","img":"https://fd8-photos.leclercdrive.fr/image.ashx?id=2980899&use=l&cat=p&typeid=i","cat":289460},{"id":43939,"n":"Champagne Victoire Martel Demi-sec 12%vol - 75cl","p":23.28,"u":"31,04 €/L","img":"https://fd8-photos.leclercdrive.fr/image.ashx?id=2438903&use=l&cat=p&typeid=i","cat":284542},{"id":43943,"n":"Champagne Cordon rouge Mumm Millésime - 75cl","p":37.95,"pp":34.95,"u":"46,60 €/L","img":"https://fd8-photos.leclercdrive.fr/image.ashx?id=2953758&use=l&cat=p&typeid=i","cat":284542},{"id":43964,"n":"Mini bûches Eskiss Fruits - x6 - 333g","p":2.29,"u":"6,88 €/KG","img":"https://fd8-photos.leclercdrive.fr/image.ashx?id=2791317&use=l&cat=p&typeid=i","cat":284266},{"id":43965,"n":"Blinis cocktail entrée maxi format x12 - 300g","p":2.79,"u":"9,30 €/KG","img":"https://fd8-photos.leclercdrive.fr/image.ashx?id=2974623&use=l&cat=p&typeid=i","cat":285191},{"id":44016,"n":"Bocal Morilles extra séchées   Borde - 25g","p":14.99,"u":"599,60 €/KG","img":"https://fd8-photos.leclercdrive.fr/image.ashx?id=2731081&use=l&cat=p&typeid=i","cat":284352},{"id":44039,"n":"Soufflés Grignot' Tokapi Barbecue - 90g","p":0.99,"u":"11,00 €/KG","img":"https://fd8-photos.leclercdrive.fr/image.ashx?id=2059486&use=l&cat=p&typeid=i","cat":284449},{"id":44040,"n":"Soufflé grignot' Tokapi  jambon fromage 90g","p":0.89,"u":"9,89 €/KG","img":"https://fd8-photos.leclercdrive.fr/image.ashx?id=803076&use=l&cat=p&typeid=i","cat":284449},{"id":44057,"n":"Soufflés Tornades 3D Goût emmental - 85g","p":0.72,"u":"8,47 €/KG","img":"https://fd8-photos.leclercdrive.fr/image.ashx?id=2900139&use=l&cat=p&typeid=i","cat":284449},{"id":44081,"n":"Eau aromatisée Volvic Juicy Fraise - 1,5L","p":1.46,"u":"0,97 €/L","img":"https://fd8-photos.leclercdrive.fr/image.ashx?id=2964664&use=l&cat=p&typeid=i","cat":284537},{"id":44082,"n":"Eau aromatisée Volvic juicy Fruits exotiques - 1,5L","p":1.33,"u":"0,89 €/L","img":"https://fd8-photos.leclercdrive.fr/image.ashx?id=2964667&use=l&cat=p&typeid=i","cat":284537},{"id":44083,"n":"Eau gazeuse  Badoit verte finement pétillante - 6x1l","p":3.6,"u":"0,60 €/L","img":"https://fd8-photos.leclercdrive.fr/image.ashx?id=2919259&use=l&cat=p&typeid=i","cat":284536},{"id":44085,"n":"Petit quatre quarts Bonne Maman x10 - 300g","p":3.39,"u":"11,30 €/KG","img":"https://fd8-photos.leclercdrive.fr/image.ashx?id=2936149&use=l&cat=p&typeid=i","cat":284492},{"id":44090,"n":"AOP Monbazillac vin blanc Moelleux Terrasses d'Autan-75cl","p":6.99,"u":"9,32 €/L","img":"https://fd8-photos.leclercdrive.fr/image.ashx?id=2756873&use=l&cat=p&typeid=i","cat":289557},{"id":44091,"n":"AOC Côtes du Rhône Villages vin rouge Rives & Terrasses - 75cl","p":3.89,"u":"5,19 €/L","img":"https://fd8-photos.leclercdrive.fr/image.ashx?id=2967570&use=l&cat=p&typeid=i","cat":289556},{"id":44092,"n":"AOC Lalande-de-Pomerol vin rouge Chantet Blanet - 75cl","p":8.49,"u":"11,32 €/L","img":"https://fd8-photos.leclercdrive.fr/image.ashx?id=2809665&use=l&cat=p&typeid=i","cat":289556},{"id":44093,"n":"AOC Haut-Médoc vin rouge Chantet Blanet - 75cl","p":4.99,"u":"6,65 €/L","img":"https://fd8-photos.leclercdrive.fr/image.ashx?id=2824283&use=l&cat=p&typeid=i","cat":289556},{"id":44095,"n":"Bière blonde Leffe 6,6% - 75cl","p":2.94,"u":"3,92 €/L","img":"https://fd8-photos.leclercdrive.fr/image.ashx?id=1720789&use=l&cat=p&typeid=i","cat":334852},{"id":44096,"n":"Fond pour rotis 110g","p":2.16,"u":"19,64 €/KG","img":"https://fd8-photos.leclercdrive.fr/image.ashx?id=2188691&use=l&cat=p&typeid=i","cat":288379},{"id":44097,"n":"Quinoa 500g","p":2.84,"u":"5,68 €/KG","img":"https://fd8-photos.leclercdrive.fr/image.ashx?id=3012845&use=l&cat=p&typeid=i","cat":284429},{"id":44166,"n":"Vinaigre de Riz Tanoshi Flacon 150ml","p":2.23,"u":"14,87 €/L","img":"https://fd8-photos.leclercdrive.fr/image.ashx?id=2907982&use=l&cat=p&typeid=i","cat":288992},{"id":44168,"n":"Guacamole en pot 300g","p":1.75,"u":"5,83 €/KG","img":"https://fd8-photos.leclercdrive.fr/image.ashx?id=2466072&use=l&cat=p&typeid=i","cat":288993},{"id":44171,"n":"6 wraps de blé nature 370g","p":1.95,"u":"5,27 €/KG","img":"https://fd8-photos.leclercdrive.fr/image.ashx?id=2679741&use=l&cat=p&typeid=i","cat":288993},{"id":44172,"n":"Assaisonnement pour Guacamole Tables du monde - 20g","p":0.95,"u":"47,50 €/KG","img":"https://fd8-photos.leclercdrive.fr/image.ashx?id=2489125&use=l&cat=p&typeid=i","cat":288993},{"id":44173,"n":"Après-shampooing Nateis Cheveux colorés - 250ml","p":1.63,"u":"6,52 €/L","img":"https://fd8-photos.leclercdrive.fr/image.ashx?id=1889788&use=l&cat=p&typeid=i","cat":284607},{"id":44174,"n":"Après-shampooing doux Nateis Cheveux secs - 250ml","p":1.35,"u":"5,40 €/KG","img":"https://fd8-photos.leclercdrive.fr/image.ashx?id=1900117&use=l&cat=p&typeid=i","cat":284607},{"id":44178,"n":"Lessive poudre main Epsil 450g","p":0.97,"u":"2,16 €/KG","img":"https://fd8-photos.leclercdrive.fr/image.ashx?id=807949&use=l&cat=p&typeid=i","cat":284643},{"id":44179,"n":"Sachets détachants Texil Anti-transferts - x12","p":4.44,"u":"0,37 €/P","img":"https://fd8-photos.leclercdrive.fr/image.ashx?id=2958741&use=l&cat=p&typeid=i","cat":284651},{"id":44181,"n":"Poivrons grillés Florelli Antipasti - 280g","p":3.55,"u":"12,68 €/KG","img":"https://fd8-photos.leclercdrive.fr/image.ashx?id=2633091&use=l&cat=p&typeid=i","cat":289010},{"id":44183,"n":"Tortillas Old El Paso de blé nature x8 - 326g","p":2.61,"u":"8,01 €/KG","img":"https://fd8-photos.leclercdrive.fr/image.ashx?id=2737642&use=l&cat=p&typeid=i","cat":288993},{"id":44184,"n":"Kit fajitas Old El Paso Original doux - 500g","p":4.95,"u":"9,90 €/KG","img":"https://fd8-photos.leclercdrive.fr/image.ashx?id=2940576&use=l&cat=p&typeid=i","cat":288993},{"id":44185,"n":"Kit Burritos Old El Paso Original paprika doux - 510g","p":5.45,"u":"10,69 €/KG","img":"https://fd8-photos.leclercdrive.fr/image.ashx?id=2940579&use=l&cat=p&typeid=i","cat":288993},{"id":44186,"n":"Kit Enchiladas Old El Paso au four doux - 657g","p":5.89,"u":"8,96 €/KG","img":"https://fd8-photos.leclercdrive.fr/image.ashx?id=2759502&use=l&cat=p&typeid=i","cat":288993},{"id":44194,"n":"Confiture de lait Bonne Maman 380g","p":2.68,"u":"7,05 €/KG","img":"https://fd8-photos.leclercdrive.fr/image.ashx?id=2785430&use=l&cat=p&typeid=i","cat":284480},{"id":44195,"n":"Détachant avant lavage K2R  Action complète pistolet -750ml","p":3.37,"u":"4,49 €/L","img":"https://fd8-photos.leclercdrive.fr/image.ashx?id=2101180&use=l&cat=p&typeid=i","cat":284651},{"id":44197,"n":"Couches Activ+ Mots d'Enfants T4 : 7/18kg - x39 changes","p":12.89,"u":"0,33 €/P","img":"https://fd8-photos.leclercdrive.fr/image.ashx?id=2934715&use=l&cat=p&typeid=i","cat":284737},{"id":44231,"n":"Estragon de france Sainte Lucie flacon 11g","p":2.29,"u":"208,18 €/KG","img":"https://fd8-photos.leclercdrive.fr/image.ashx?id=2774292&use=l&cat=p&typeid=i","cat":298297},{"id":44235,"n":"Epices couscous Sainte Lucie à la marocaine - 30g","p":1.79,"u":"59,67 €/KG","img":"https://fd8-photos.leclercdrive.fr/image.ashx?id=2774433&use=l&cat=p&typeid=i","cat":298297},{"id":44243,"n":"Poire Nashi 1p","p":0.59,"img":"https://fd8-photos.leclercdrive.fr/image.ashx?id=1628391&use=l&cat=p&typeid=i","cat":284356},{"id":44273,"n":"Miettes de thon Petit Navire À l'huile d'olive - 160g","p":2.79,"u":"17,44 €/KG","img":"https://fd8-photos.leclercdrive.fr/image.ashx?id=2519642&use=l&cat=p&typeid=i","cat":303867},{"id":44278,"n":"Ravioli bolognaise Panzani - 400g","p":2.75,"u":"6,88 €/KG","img":"https://fd8-photos.leclercdrive.fr/image.ashx?id=2876059&use=l&cat=p&typeid=i","cat":284442},{"id":44279,"n":"Fromage apéritif Apericube Panier de campagne 24 cubes","p":2.39,"u":"19,12 €/KG","img":"https://fd8-photos.leclercdrive.fr/image.ashx?id=2882656&use=l&cat=p&typeid=i","cat":314027},{"id":44293,"n":"Emmental râpé  Entremont  français 160g","p":1.85,"u":"11,56 €/KG","img":"https://fd8-photos.leclercdrive.fr/image.ashx?id=2983153&use=l&cat=p&typeid=i","cat":314035},{"id":44298,"n":"L'Ortolan familial  Fromagerie Milleret-  330g","p":3.15,"u":"9,55 €/KG","img":"https://fd8-photos.leclercdrive.fr/image.ashx?id=2226400&use=l&cat=p&typeid=i","cat":314033},{"id":44307,"n":"Fromage Tomme noire NRT IGP  des Pyrénées - 200g","p":2.45,"u":"12,25 €/KG","img":"https://fd8-photos.leclercdrive.fr/image.ashx?id=2849596&use=l&cat=p&typeid=i","cat":329184},{"id":44309,"n":"Emmental tranches grand cru NRT IGP - Label Rouge -175g","p":2.89,"u":"16,51 €/KG","img":"https://fd8-photos.leclercdrive.fr/image.ashx?id=2071354&use=l&cat=p&typeid=i","cat":314028},{"id":44330,"n":"IGP Pays d'Oc blanc Roche Mazet Chardonnay 12% vol BIB 3L","p":12.85,"u":"4,28 €/L","img":"https://fd8-photos.leclercdrive.fr/image.ashx?id=2597130&use=l&cat=p&typeid=i","cat":289557},{"id":44342,"n":"Eau de cologne Bien Etre  Verveine, Romarin - 250ml","p":4.36,"u":"17,44 €/L","img":"https://fd8-photos.leclercdrive.fr/image.ashx?id=2353668&use=l&cat=p&typeid=i","cat":291525},{"id":44355,"n":"Sandwich Baguette Mega Viennois  Sodebo Poulet Œuf - 270g","p":1.89,"u":"7,00 €/KG","img":"https://fd8-photos.leclercdrive.fr/image.ashx?id=2732392&use=l&cat=p&typeid=i","cat":333658},{"id":44361,"n":"Chocolat Pâtissier Nestlé Dessert : Noir - 205g","p":4.42,"u":"21,56 €/KG","img":"https://fd8-photos.leclercdrive.fr/image.ashx?id=2938920&use=l&cat=p&typeid=i","cat":285562},{"id":44364,"n":"Bonbon Alpin Fresh Ricola Sans sucres - 50g","p":1.2,"u":"24,00 €/KG","img":"https://fd8-photos.leclercdrive.fr/image.ashx?id=2387831&use=l&cat=p&typeid=i","cat":304256},{"id":44385,"n":"Saumon fumé Ronde des Mers   Sauvage Alaska x8T - 240g","p":8.99,"u":"37,46 €/KG","img":"https://fd8-photos.leclercdrive.fr/image.ashx?id=2822747&use=l&cat=p&typeid=i","cat":285188},{"id":44434,"n":"Nectar Bio Pressade Multifruits - 1,5L","p":2.35,"u":"1,57 €/L","img":"https://fd8-photos.leclercdrive.fr/image.ashx?id=2732533&use=l&cat=p&typeid=i","cat":284917},{"id":44445,"n":"Wraps Old El Paso de blé nature x6 - 350g","p":2.55,"u":"7,29 €/KG","img":"https://fd8-photos.leclercdrive.fr/image.ashx?id=2737645&use=l&cat=p&typeid=i","cat":288993},{"id":44500,"n":"La bonne paye (2 à 6 joueurs) Dès 8 ans","p":29.15,"img":"https://fd8-photos.leclercdrive.fr/image.ashx?id=2391590&use=l&cat=p&typeid=i","cat":334378},{"id":44510,"n":"Mille Bornes + plateau Dès 5 ans - 2 à 8 joueurs","p":31.99,"img":"https://fd8-photos.leclercdrive.fr/image.ashx?id=2359225&use=l&cat=p&typeid=i","cat":334378},{"id":44525,"n":"Miss Kipik Dès 4 ans - 2 à 4 joueurs","p":19.11,"u":"Dont 0,13 € d'éco-part.","img":"https://fd8-photos.leclercdrive.fr/image.ashx?id=2361963&use=l&cat=p&typeid=i","cat":334378},{"id":44572,"n":"AOC Bordeaux Supérieur vin rouge Chantet Blanet - 75cl","p":3.49,"u":"4,65 €/L","img":"https://fd8-photos.leclercdrive.fr/image.ashx?id=2646773&use=l&cat=p&typeid=i","cat":289556},{"id":44578,"n":"Madeleines Saint Michel Pépites chocolat 400g","p":1.95,"u":"4,88 €/KG","img":"https://fd8-photos.leclercdrive.fr/image.ashx?id=2936200&use=l&cat=p&typeid=i","cat":284492},{"id":44605,"n":"Foie gras canard IGP Sud-Ouest NRT Entier - 300g","p":22.9,"u":"76,33 €/KG","img":"https://fd8-photos.leclercdrive.fr/image.ashx?id=2743897&use=l&cat=p&typeid=i","cat":305148},{"id":44657,"n":"Bière blonde Leffe Rituel 9% - 12x25cl","p":9.5,"u":"3,17 €/L","img":"https://fd8-photos.leclercdrive.fr/image.ashx?id=2548288&use=l&cat=p&typeid=i","cat":334852},{"id":44706,"n":"Palets bretons P'tit Déli 2x125g","p":1.84,"u":"7,36 €/KG","img":"https://fd8-photos.leclercdrive.fr/image.ashx?id=2820134&use=l&cat=p&typeid=i","cat":284487},{"id":44725,"n":"3 Légumes Bonduelle Choux carotte brocolis - 750g","p":2.41,"u":"3,21 €/KG","img":"https://fd8-photos.leclercdrive.fr/image.ashx?id=2876164&use=l&cat=p&typeid=i","cat":319805},{"id":44727,"n":"Légumes précuits Bonduelle haricot vert/carotte/pois -750g","p":2.41,"u":"3,21 €/KG","img":"https://fd8-photos.leclercdrive.fr/image.ashx?id=2876161&use=l&cat=p&typeid=i","cat":319805},{"id":44738,"n":"Haricots verts Notre Jardin cuits 750g","p":1.55,"u":"2,07 €/KG","img":"https://fd8-photos.leclercdrive.fr/image.ashx?id=2900142&use=l&cat=p&typeid=i","cat":319805},{"id":44739,"n":"Choux fleurs Notre Jardin  cuits 750g","p":1.74,"u":"2,32 €/KG","img":"https://fd8-photos.leclercdrive.fr/image.ashx?id=2900145&use=l&cat=p&typeid=i","cat":319805},{"id":44740,"n":"Frites allumettes Pom'lisse 2.5kg","p":4.59,"u":"1,84 €/KG","img":"https://fd8-photos.leclercdrive.fr/image.ashx?id=2699498&use=l&cat=p&typeid=i","cat":319791},{"id":44741,"n":"Riz sushi Table du monde 500g","p":1.19,"u":"2,38 €/KG","img":"https://fd8-photos.leclercdrive.fr/image.ashx?id=2679753&use=l&cat=p&typeid=i","cat":288992},{"id":44742,"n":"Duo de Fleurettes Bio  Bio Village - 600g","p":2.55,"u":"4,25 €/KG","img":"https://fd8-photos.leclercdrive.fr/image.ashx?id=2898065&use=l&cat=p&typeid=i","cat":319805},{"id":44743,"n":"Julienne de légumes Bio Village Bio - 600g","p":1.99,"u":"3,32 €/KG","img":"https://fd8-photos.leclercdrive.fr/image.ashx?id=2175780&use=l&cat=p&typeid=i","cat":319823},{"id":44745,"n":"Mini boulettes au boeuf Férial  x50 - 750g","p":6.99,"u":"9,32 €/KG","img":"https://fd8-photos.leclercdrive.fr/image.ashx?id=2966511&use=l&cat=p&typeid=i","cat":319779},{"id":44746,"n":"Glace Mystère Extrême Vanille Meringue x4 308.6g","p":3.68,"u":"11,91 €/KG","img":"https://fd8-photos.leclercdrive.fr/image.ashx?id=2878375&use=l&cat=p&typeid=i","cat":284266},{"id":44747,"n":"Glace Mystère Extrême Vanille Coeur chocolat x4 308g","p":5.5,"u":"17,86 €/KG","img":"https://fd8-photos.leclercdrive.fr/image.ashx?id=2878381&use=l&cat=p&typeid=i","cat":284266},{"id":44748,"n":"Purée de carottes Notre Jardin potirons 750g","p":2.62,"u":"3,49 €/KG","img":"https://fd8-photos.leclercdrive.fr/image.ashx?id=2856190&use=l&cat=p&typeid=i","cat":319805},{"id":44750,"n":"Poulet Basquaise Côté Table 900g","p":4.18,"u":"4,64 €/KG","img":"https://fd8-photos.leclercdrive.fr/image.ashx?id=2572438&use=l&cat=p&typeid=i","cat":284254},{"id":44751,"n":"Pom' curv au four Pom'Lisse 600g","p":1.81,"u":"3,02 €/KG","img":"https://fd8-photos.leclercdrive.fr/image.ashx?id=2699690&use=l&cat=p&typeid=i","cat":319791},{"id":44758,"n":"Grattugiato 29% MG Les Croisés  100g","p":1.49,"u":"14,90 €/KG","img":"https://fd8-photos.leclercdrive.fr/image.ashx?id=2806859&use=l&cat=p&typeid=i","cat":314035},{"id":44761,"n":"Les groumand Les Croisés  30.4% MG  6 tranches 150g","p":1.99,"u":"13,27 €/KG","img":"https://fd8-photos.leclercdrive.fr/image.ashx?id=2026325&use=l&cat=p&typeid=i","cat":314028},{"id":44770,"n":"Steak haché Férial  5%mg x4 - 400g","p":6.99,"u":"17,48 €/KG","img":"https://fd8-photos.leclercdrive.fr/image.ashx?id=3004663&use=l&cat=p&typeid=i","cat":319778},{"id":44808,"n":"AOC Côtes du Rhône rouge BIO Rives & Terrasses - 75cl","p":3.99,"u":"5,32 €/L","img":"https://fd8-photos.leclercdrive.fr/image.ashx?id=2928318&use=l&cat=p&typeid=i","cat":289556},{"id":44850,"n":"Lotion Tonique Diadermine apaisante 200ml","p":3.45,"u":"17,25 €/L","img":"https://fd8-photos.leclercdrive.fr/image.ashx?id=2551105&use=l&cat=p&typeid=i","cat":284603},{"id":44859,"n":"Olives Vertes -25% sel Tramier  Dénoyautées 160g","p":2.19,"u":"13,69 €/KG","img":"https://fd8-photos.leclercdrive.fr/image.ashx?id=2840823&use=l&cat=p&typeid=i","cat":284458},{"id":44861,"n":"Sauce pesto Tradizioni d'Italia A la génoise - 180g","p":1.79,"u":"9,94 €/KG","img":"https://fd8-photos.leclercdrive.fr/image.ashx?id=2840043&use=l&cat=p&typeid=i","cat":287599},{"id":44865,"n":"Dessert fruits mixés Sojasun Abricot / Goyave - 4x100g","p":1.75,"u":"4,38 €/KG","img":"https://fd8-photos.leclercdrive.fr/image.ashx?id=2355668&use=l&cat=p&typeid=i","cat":316071},{"id":44884,"n":"Soupe Mouliné Bio Village Bio - Légumes variés - 1L","p":1.97,"u":"1,97 €/L","img":"https://fd8-photos.leclercdrive.fr/image.ashx?id=2133957&use=l&cat=p&typeid=i","cat":284462},{"id":44885,"n":"Velouté de légumes Bio Village Bio - 1L","p":2.79,"u":"2,79 €/L","img":"https://fd8-photos.leclercdrive.fr/image.ashx?id=2339879&use=l&cat=p&typeid=i","cat":284462},{"id":44900,"n":"Baguette précuite four Epi d'Or précuite four en pierre - 250g","p":1.35,"u":"5,40 €/KG","img":"https://fd8-photos.leclercdrive.fr/image.ashx?id=2956963&use=l&cat=p&typeid=i","cat":325069},{"id":44910,"n":"Crème dessert La Laitière Pot de crème chocolat - 8x100g","p":4.35,"u":"5,44 €/KG","img":"https://fd8-photos.leclercdrive.fr/image.ashx?id=2692116&use=l&cat=p&typeid=i","cat":285041},{"id":44911,"n":"Crème dessert La Laitière Pot de crème vanille - 8x100g","p":4.35,"u":"5,44 €/KG","img":"https://fd8-photos.leclercdrive.fr/image.ashx?id=2692119&use=l&cat=p&typeid=i","cat":285041},{"id":44939,"n":"Mini gratins Côté Table Pomme de terre salardaise 400g","p":3.89,"u":"9,73 €/KG","img":"https://fd8-photos.leclercdrive.fr/image.ashx?id=2641289&use=l&cat=p&typeid=i","cat":319802},{"id":44942,"n":"Mini gratins Côté Table Pomme de terre Champignons 400g","p":2.99,"u":"7,48 €/KG","img":"https://fd8-photos.leclercdrive.fr/image.ashx?id=2074431&use=l&cat=p&typeid=i","cat":319802},{"id":44944,"n":"Oeufs de caille De Nos Régions x18","p":2.39,"u":"0,13 €/P","img":"https://fd8-photos.leclercdrive.fr/image.ashx?id=1070469&use=l&cat=p&typeid=i","cat":284378},{"id":44947,"n":"Pâtes Tagliatelle Panzani Qualité Pâtes Fraîche - 400G","p":1.91,"u":"4,78 €/KG","img":"https://fd8-photos.leclercdrive.fr/image.ashx?id=2872856&use=l&cat=p&typeid=i","cat":284427},{"id":44953,"n":"Pâtes Sans gluten Barilla Spaghetti - 400g","p":1.89,"u":"4,73 €/KG","img":"https://fd8-photos.leclercdrive.fr/image.ashx?id=2647639&use=l&cat=p&typeid=i","cat":284427},{"id":44954,"n":"Pâtes Sans gluten Barilla Penne Rigate - 400g","p":1.91,"u":"4,78 €/KG","img":"https://fd8-photos.leclercdrive.fr/image.ashx?id=2975461&use=l&cat=p&typeid=i","cat":284427},{"id":44959,"n":"Lingettes démaquillantes Inell Eau micellaire x25","p":2.6,"u":"0,10 €/P","img":"https://fd8-photos.leclercdrive.fr/image.ashx?id=2764392&use=l&cat=p&typeid=i","cat":284603},{"id":44963,"n":"Stick lèvres Inell Miss pink - 1 pièce","p":1.69,"img":"https://fd8-photos.leclercdrive.fr/image.ashx?id=2691673&use=l&cat=p&typeid=i","cat":285485},{"id":44964,"n":"Alèses absorbantes Chorys 60x90cm - x16","p":6.99,"u":"0,44 €/P","img":"https://fd8-photos.leclercdrive.fr/image.ashx?id=2860076&use=l&cat=p&typeid=i","cat":284628},{"id":44965,"n":"Lingettes Hygiène Adulte Chorys x64","p":4.57,"u":"0,07 €/P","img":"https://fd8-photos.leclercdrive.fr/image.ashx?id=2940911&use=l&cat=p&typeid=i","cat":284627},{"id":44967,"n":"Culottes bébé Mots d'Enfants  T5 : 12/18kg - x20 changes","p":5.45,"u":"0,27 €/P","img":"https://fd8-photos.leclercdrive.fr/image.ashx?id=2904580&use=l&cat=p&typeid=i","cat":290633},{"id":44968,"n":"Culottes bébé Mots d'Enfants  T6 : 16kg - x18 changes","p":4.99,"u":"0,28 €/P","img":"https://fd8-photos.leclercdrive.fr/image.ashx?id=2907201&use=l&cat=p&typeid=i","cat":290633},{"id":44977,"n":"Mousse nettoyante Inell Peaux sensibles 150ml","p":2.99,"u":"19,93 €/L","img":"https://fd8-photos.leclercdrive.fr/image.ashx?id=1993200&use=l&cat=p&typeid=i","cat":284603},{"id":44980,"n":"Gel lave-vaisselle Visior Classique x75 - 1,5L","p":4.75,"u":"3,17 €/L","img":"https://fd8-photos.leclercdrive.fr/image.ashx?id=1544234&use=l&cat=p&typeid=i","cat":284656},{"id":45001,"n":"Pain de campagne Epi d'Or Spécial - 500g","p":1.97,"u":"3,94 €/KG","img":"https://fd8-photos.leclercdrive.fr/image.ashx?id=2114928&use=l&cat=p&typeid=i","cat":325069},{"id":45002,"n":"Pain de mie Epi d'Or  Croque monsieur - 550g","p":1.46,"u":"2,65 €/KG","img":"https://fd8-photos.leclercdrive.fr/image.ashx?id=2860748&use=l&cat=p&typeid=i","cat":284477},{"id":45005,"n":"Fond de veau Rustica dégraissé 100g","p":2.18,"u":"21,80 €/KG","img":"https://fd8-photos.leclercdrive.fr/image.ashx?id=2979571&use=l&cat=p&typeid=i","cat":288379},{"id":45009,"n":"Cacahuètes grillées Tokapi salées 3x120g","p":1.49,"u":"4,14 €/KG","img":"https://fd8-photos.leclercdrive.fr/image.ashx?id=2793230&use=l&cat=p&typeid=i","cat":284448},{"id":45011,"n":"AOC Côtes de Beaune Vin rouge Antoine Barrier - 75cl","p":9.99,"u":"13,32 €/L","img":"https://fd8-photos.leclercdrive.fr/image.ashx?id=2721364&use=l&cat=p&typeid=i","cat":289556},{"id":45015,"n":"Biscuits P'tit Déli Pépites de chocolat 300g","p":2.49,"u":"8,30 €/KG","img":"https://fd8-photos.leclercdrive.fr/image.ashx?id=2390425&use=l&cat=p&typeid=i","cat":284487},{"id":45016,"n":"AOC Médoc vin rouge Chantet Blanet - 75cl","p":3.99,"u":"5,32 €/L","img":"https://fd8-photos.leclercdrive.fr/image.ashx?id=2840737&use=l&cat=p&typeid=i","cat":289556},{"id":45019,"n":"AOC Minervois vin rouge Prieur Barsanne - 75cl","p":2.99,"u":"3,99 €/L","img":"https://fd8-photos.leclercdrive.fr/image.ashx?id=2722817&use=l&cat=p&typeid=i","cat":289556},{"id":45020,"n":"AOC Fitou vin rouge Prieur Barsanne - 75cl","p":3.99,"u":"5,32 €/L","img":"https://fd8-photos.leclercdrive.fr/image.ashx?id=2742623&use=l&cat=p&typeid=i","cat":289556},{"id":45023,"n":"AOC Moulin-à-Vent vin rouge Antoine Barrier - 75cl","p":7.75,"u":"10,33 €/L","img":"https://fd8-photos.leclercdrive.fr/image.ashx?id=3004549&use=l&cat=p&typeid=i","cat":289556},{"id":45029,"n":"AOP Vin blanc Muscadet Sèvre & Maine sur Lie - 75cl","p":4.19,"u":"5,59 €/L","img":"https://fd8-photos.leclercdrive.fr/image.ashx?id=2905913&use=l&cat=p&typeid=i","cat":289557},{"id":45033,"n":"AOC Côtes du Rhône vin blanc Rives & Terrasses - 75cl","p":3.99,"u":"5,32 €/L","img":"https://fd8-photos.leclercdrive.fr/image.ashx?id=2856326&use=l&cat=p&typeid=i","cat":289557},{"id":45035,"n":"AOP Alsace Riesling vin blanc Rebmann - 75 cl","p":4.85,"u":"6,47 €/L","img":"https://fd8-photos.leclercdrive.fr/image.ashx?id=2754213&use=l&cat=p&typeid=i","cat":289557},{"id":45036,"n":"AOC Alsace Riesling vin blanc Rebmann - 37,5 cl","p":3.25,"u":"8,67 €/L","img":"https://fd8-photos.leclercdrive.fr/image.ashx?id=2754216&use=l&cat=p&typeid=i","cat":289557},{"id":45038,"n":"AOP Côtes du Rhône vin rouge Grégoire XI - 75 cl","p":2.99,"u":"3,99 €/L","img":"https://fd8-photos.leclercdrive.fr/image.ashx?id=2928222&use=l&cat=p&typeid=i","cat":289556},{"id":45041,"n":"AOC Beaujolais vin rouge Antoine Barrier - 75cl","p":4.99,"u":"6,65 €/L","img":"https://fd8-photos.leclercdrive.fr/image.ashx?id=2723365&use=l&cat=p&typeid=i","cat":289556},{"id":45042,"n":"AOC Beaujolais Villages vin rouge Antoine Barrier - 75cl","p":5.49,"u":"7,32 €/L","img":"https://fd8-photos.leclercdrive.fr/image.ashx?id=2728252&use=l&cat=p&typeid=i","cat":289556},{"id":45043,"n":"AOC Bordeaux fût de chêne vin rouge Chantet Blanet - 75cl","p":2.99,"u":"3,99 €/L","img":"https://fd8-photos.leclercdrive.fr/image.ashx?id=2816133&use=l&cat=p&typeid=i","cat":289556},{"id":45049,"n":"AOP Cahors vin rouge Terrasses d'Autan - 75cl","p":3.89,"u":"5,19 €/L","img":"https://fd8-photos.leclercdrive.fr/image.ashx?id=2799772&use=l&cat=p&typeid=i","cat":289556},{"id":45050,"n":"AOP Bourgogne Pinot noir vin rouge Antoine Barrier - 75cl","p":7.99,"u":"10,65 €/L","img":"https://fd8-photos.leclercdrive.fr/image.ashx?id=2694106&use=l&cat=p&typeid=i","cat":289556},{"id":45052,"n":"Velouté Régal Soupe Potiron Châtaigne - 1L","p":2.46,"u":"2,46 €/L","img":"https://fd8-photos.leclercdrive.fr/image.ashx?id=2983811&use=l&cat=p&typeid=i","cat":284462},{"id":45053,"n":"Soupe Velouté Régal Soupe Potiron fromage fondu 1L","p":2.36,"u":"2,36 €/L","img":"https://fd8-photos.leclercdrive.fr/image.ashx?id=2607572&use=l&cat=p&typeid=i","cat":284462},{"id":45063,"n":"Biscuits sablés P'tit Déli Noix de coco - 120g","p":0.84,"u":"7,00 €/KG","img":"https://fd8-photos.leclercdrive.fr/image.ashx?id=2669750&use=l&cat=p&typeid=i","cat":284487},{"id":45065,"n":"Bretzels d'alsace NRT sachet 200g","p":0.74,"u":"3,70 €/KG","img":"https://fd8-photos.leclercdrive.fr/image.ashx?id=2638018&use=l&cat=p&typeid=i","cat":297000},{"id":45066,"n":"Petits biscuits salés NRT D'Alsace - 200g","p":0.99,"u":"4,95 €/KG","img":"https://fd8-photos.leclercdrive.fr/image.ashx?id=2638021&use=l&cat=p&typeid=i","cat":297000},{"id":45068,"n":"Pâtes Sans gluten Barilla Coquillettes - 400g","p":1.97,"u":"4,93 €/KG","img":"https://fd8-photos.leclercdrive.fr/image.ashx?id=2976113&use=l&cat=p&typeid=i","cat":284427},{"id":45101,"n":"Carrés de soin Mots d'Enfants Bébés - x100","p":1.99,"u":"0,02 €/P","img":"https://fd8-photos.leclercdrive.fr/image.ashx?id=3014245&use=l&cat=p&typeid=i","cat":284739},{"id":45102,"n":"Culottes bébé Mots d'Enfants  T4 : 8/15kg - x22 changes","p":5.35,"u":"0,24 €/P","img":"https://fd8-photos.leclercdrive.fr/image.ashx?id=2907198&use=l&cat=p&typeid=i","cat":290633},{"id":45138,"n":"Biscuits Bio Bjorg complets P'tit nature - 200g","p":1.46,"u":"7,30 €/KG","img":"https://fd8-photos.leclercdrive.fr/image.ashx?id=2906157&use=l&cat=p&typeid=i","cat":284487},{"id":45140,"n":"boisson végétale bio  épeautre bjorg 1l","p":2.25,"u":"2,25 €/L","img":"https://fd8-photos.leclercdrive.fr/image.ashx?id=2967058&use=l&cat=p&typeid=i","cat":316067},{"id":45145,"n":"Crème amande cuisine  Bjorg  Bio - 200ml","p":1.39,"u":"6,95 €/L","img":"https://fd8-photos.leclercdrive.fr/image.ashx?id=2851770&use=l&cat=p&typeid=i","cat":288383},{"id":45147,"n":"boisson végétale bio coco  bjorg 1L","p":2.54,"u":"2,54 €/L","img":"https://fd8-photos.leclercdrive.fr/image.ashx?id=2909530&use=l&cat=p&typeid=i","cat":316067},{"id":45148,"n":"Boisson végétale épeautre noisette Bjorg Bio - 1L","p":2.75,"u":"2,75 €/L","img":"https://fd8-photos.leclercdrive.fr/image.ashx?id=2960804&use=l&cat=p&typeid=i","cat":316067},{"id":45149,"n":"Boisson végétale lait d'amande  chocolat bjorg bio - 1l","p":2.85,"u":"2,85 €/L","img":"https://fd8-photos.leclercdrive.fr/image.ashx?id=2939412&use=l&cat=p&typeid=i","cat":316067},{"id":45150,"n":"Biscuits lunettes Bio Bjorg Fraise 200g","p":2.49,"u":"12,45 €/KG","img":"https://fd8-photos.leclercdrive.fr/image.ashx?id=2999976&use=l&cat=p&typeid=i","cat":284489},{"id":45157,"n":"Boulghour Tunisienne Céréal Bio Bio repas express - 220g","p":1.75,"u":"7,95 €/KG","img":"https://fd8-photos.leclercdrive.fr/image.ashx?id=2574062&use=l&cat=p&typeid=i","cat":287600},{"id":45161,"n":"Céréales Bjorg Bio Boulghour quinoa sésame - 250g","p":1.27,"u":"5,08 €/KG","img":"https://fd8-photos.leclercdrive.fr/image.ashx?id=2243287&use=l&cat=p&typeid=i","cat":287600},{"id":45165,"n":"Pots soir bébé bio Babybio Légumes blé - 6 mois - 2x200g","p":2.51,"u":"6,28 €/KG","img":"https://fd8-photos.leclercdrive.fr/image.ashx?id=2827479&use=l&cat=p&typeid=i","cat":312239},{"id":45168,"n":"Bouillon cube bio Jardin Bio Légumes - 72g","p":1.26,"u":"17,50 €/KG","img":"https://fd8-photos.leclercdrive.fr/image.ashx?id=2535535&use=l&cat=p&typeid=i","cat":288379},{"id":45169,"n":"Bouillon cube bio Jardin Bio Volaille dégraissé x10 - 100g","p":1.64,"u":"16,40 €/KG","img":"https://fd8-photos.leclercdrive.fr/image.ashx?id=2535538&use=l&cat=p&typeid=i","cat":288379},{"id":45171,"n":"Chocolat noir Bio Ethiquable   70% Pérou - 100g","p":3.23,"u":"32,30 €/KG","img":"https://fd8-photos.leclercdrive.fr/image.ashx?id=2870896&use=l&cat=p&typeid=i","cat":284956},{"id":45172,"n":"Chocolat noir Bio Ethiquable 72% Haïti - 100g","p":2.99,"u":"29,90 €/KG","img":"https://fd8-photos.leclercdrive.fr/image.ashx?id=2870914&use=l&cat=p&typeid=i","cat":284956},{"id":45178,"n":"Coulis de tomate Bjorg bio 3x200g","p":1.53,"u":"2,55 €/KG","img":"https://fd8-photos.leclercdrive.fr/image.ashx?id=2757289&use=l&cat=p&typeid=i","cat":288384},{"id":45191,"n":"Couscous Jardin Bio Bio légumes du soleil - 220g","p":1.75,"u":"7,95 €/KG","img":"https://fd8-photos.leclercdrive.fr/image.ashx?id=2535022&use=l&cat=p&typeid=i","cat":287600},{"id":45192,"n":"Pâtes bio Jardin Bio Coquillettes 3 min - 500g","p":1.31,"u":"2,62 €/KG","img":"https://fd8-photos.leclercdrive.fr/image.ashx?id=2939976&use=l&cat=p&typeid=i","cat":284427},{"id":45193,"n":"Chocolat noir Bio Ethiquable  85% Madagascar - 100g","p":3.33,"u":"33,30 €/KG","img":"https://fd8-photos.leclercdrive.fr/image.ashx?id=2870881&use=l&cat=p&typeid=i","cat":284956},{"id":45194,"n":"Chocolat noir Bio Ethiquable  80% Equateur - 100g","p":2.99,"u":"29,90 €/KG","img":"https://fd8-photos.leclercdrive.fr/image.ashx?id=2870917&use=l&cat=p&typeid=i","cat":284956},{"id":45197,"n":"Quinoa boulghour  Céréal Bio  à l'Indienne bio -220g","p":1.84,"u":"8,36 €/KG","img":"https://fd8-photos.leclercdrive.fr/image.ashx?id=2574068&use=l&cat=p&typeid=i","cat":287600},{"id":45198,"n":"Légumes et orge bio Céréal Bio  Compotée d'aubergines - 250g","p":2.47,"u":"9,88 €/KG","img":"https://fd8-photos.leclercdrive.fr/image.ashx?id=2574071&use=l&cat=p&typeid=i","cat":287600},{"id":45205,"n":"Biscuits fourrés Bio Bjorg  Chocolat lait noisette - 225g","p":3.77,"u":"16,76 €/KG","img":"https://fd8-photos.leclercdrive.fr/image.ashx?id=2970930&use=l&cat=p&typeid=i","cat":284488},{"id":45207,"n":"Biscuits Bio Bjorg Fourrés à la Vanille - 225g","p":3.85,"u":"17,11 €/KG","img":"https://fd8-photos.leclercdrive.fr/image.ashx?id=2912059&use=l&cat=p&typeid=i","cat":284489},{"id":45212,"n":"Duo de quinoa Jardin Bio  Bio aux légumes - 250g","p":1.75,"u":"7,00 €/KG","img":"https://fd8-photos.leclercdrive.fr/image.ashx?id=2535481&use=l&cat=p&typeid=i","cat":287600},{"id":45213,"n":"Flageolets Jardin Bio  Bio cuisinés - 680g","p":3.62,"u":"5,32 €/KG","img":"https://fd8-photos.leclercdrive.fr/image.ashx?id=2918319&use=l&cat=p&typeid=i","cat":312606},{"id":45223,"n":"Galettes de maïs Bio Bjorg  Chocolat noir - 95g","p":3.79,"u":"39,89 €/KG","img":"https://fd8-photos.leclercdrive.fr/image.ashx?id=2972979&use=l&cat=p&typeid=i","cat":318651},{"id":45225,"n":"Galettes de riz Bio Bjorg Chocolat au lait - 90g","p":2.82,"u":"31,33 €/KG","img":"https://fd8-photos.leclercdrive.fr/image.ashx?id=2882442&use=l&cat=p&typeid=i","cat":318651},{"id":45227,"n":"Biscuits fourrés Bio Bjorg Citron - 225g","p":3.77,"u":"16,76 €/KG","img":"https://fd8-photos.leclercdrive.fr/image.ashx?id=2861527&use=l&cat=p&typeid=i","cat":284489},{"id":45243,"n":"Lait de coco fluide Bio Bjorg 200ml","p":1.39,"u":"6,95 €/L","img":"https://fd8-photos.leclercdrive.fr/image.ashx?id=2752995&use=l&cat=p&typeid=i","cat":288992},{"id":45244,"n":"boisson végétale lait d'amande  bio bjorg 1l","p":2.59,"u":"2,59 €/L","img":"https://fd8-photos.leclercdrive.fr/image.ashx?id=2967067&use=l&cat=p&typeid=i","cat":316067},{"id":45245,"n":"Boisson végétale lait d'amande  vanille bjorg bio - 1l","p":2.89,"u":"2,89 €/L","img":"https://fd8-photos.leclercdrive.fr/image.ashx?id=2991978&use=l&cat=p&typeid=i","cat":316067},{"id":45247,"n":"Maïs bio Géant Vert extra croquant - 2x140g","p":1.69,"u":"6,04 €/KG","img":"https://fd8-photos.leclercdrive.fr/image.ashx?id=2840545&use=l&cat=p&typeid=i","cat":312611},{"id":45250,"n":"Infusion bio Jardin Bio Tilleul Oranger - x20 - 30g","p":2.88,"u":"96,00 €/KG","img":"https://fd8-photos.leclercdrive.fr/image.ashx?id=2792657&use=l&cat=p&typeid=i","cat":293234},{"id":45251,"n":"Lentilles vertes Jardin Bio  Bio saveur du terroir - 250g","p":1.39,"u":"5,56 €/KG","img":"https://fd8-photos.leclercdrive.fr/image.ashx?id=2535559&use=l&cat=p&typeid=i","cat":287600},{"id":45252,"n":"Lentilles Jardin Bio  Bio façon petit salé - 250g","p":1.86,"u":"7,44 €/KG","img":"https://fd8-photos.leclercdrive.fr/image.ashx?id=2535019&use=l&cat=p&typeid=i","cat":287600},{"id":45254,"n":"Infusion Clipper Bio - Citron gingembre - 50g","p":1.99,"u":"39,80 €/KG","img":"https://fd8-photos.leclercdrive.fr/image.ashx?id=2909176&use=l&cat=p&typeid=i","cat":293234},{"id":45261,"n":"Orge riz rouge bio Céréal Bio  lentilles repas express-220g","p":1.65,"u":"6,60 €/KG","img":"https://fd8-photos.leclercdrive.fr/image.ashx?id=2574080&use=l&cat=p&typeid=i","cat":287600},{"id":45262,"n":"Orge pruneaux bio Céréal Bio  Marocain repas express-220g","p":1.84,"u":"8,36 €/KG","img":"https://fd8-photos.leclercdrive.fr/image.ashx?id=2575075&use=l&cat=p&typeid=i","cat":287600},{"id":45263,"n":"pain complet bio bjorg  seigle - 500g","p":2.2,"u":"4,40 €/KG","img":"https://fd8-photos.leclercdrive.fr/image.ashx?id=2753973&use=l&cat=p&typeid=i","cat":325069},{"id":45274,"n":"Maïs doux Jardin Bio  Bio - 230g","p":1.58,"u":"6,87 €/KG","img":"https://fd8-photos.leclercdrive.fr/image.ashx?id=2903233&use=l&cat=p&typeid=i","cat":312611},{"id":45278,"n":"Purée potimarron Céréal Bio  lentilles bio-250g","p":1.65,"u":"6,60 €/KG","img":"https://fd8-photos.leclercdrive.fr/image.ashx?id=2574074&use=l&cat=p&typeid=i","cat":287600},{"id":45287,"n":"Repas bébé Babybio - 4 mois Légumes Bio - 2x130g","p":1.74,"u":"6,69 €/KG","img":"https://fd8-photos.leclercdrive.fr/image.ashx?id=2827443&use=l&cat=p&typeid=i","cat":312234},{"id":45288,"n":"Compote bébé Babybio Bio 4 mois Pomme / Myrtille - 2x130g","p":1.95,"u":"7,50 €/KG","img":"https://fd8-photos.leclercdrive.fr/image.ashx?id=2827491&use=l&cat=p&typeid=i","cat":312387},{"id":45289,"n":"Petits pois bio Jardin Bio A l'étuvée extra fins - 230g","p":2.75,"u":"11,96 €/KG","img":"https://fd8-photos.leclercdrive.fr/image.ashx?id=2944732&use=l&cat=p&typeid=i","cat":312607},{"id":45290,"n":"Petits pois Le jardin Bio  Bio extra fins - 445g","p":2.11,"u":"4,74 €/KG","img":"https://fd8-photos.leclercdrive.fr/image.ashx?id=2944735&use=l&cat=p&typeid=i","cat":312607},{"id":45291,"n":"Quinoa Jardin Bio  Bio poulet et Sésame - 250g","p":1.86,"u":"7,44 €/KG","img":"https://fd8-photos.leclercdrive.fr/image.ashx?id=2956433&use=l&cat=p&typeid=i","cat":287600},{"id":45319,"n":"Pineau blanc Charentes NRT  17% vol - 75cl","p":7.95,"u":"10,60 €/L","img":"https://fd8-photos.leclercdrive.fr/image.ashx?id=2953743&use=l&cat=p&typeid=i","cat":284913},{"id":45320,"n":"Pineau rosé Charentes NRT  17% vol - 75cl","p":8.99,"u":"11,99 €/L","img":"https://fd8-photos.leclercdrive.fr/image.ashx?id=2562123&use=l&cat=p&typeid=i","cat":284913},{"id":45336,"n":"Quinoa Jardin Bio Bio - 220g","p":2.7,"u":"12,27 €/KG","img":"https://fd8-photos.leclercdrive.fr/image.ashx?id=2535550&use=l&cat=p&typeid=i","cat":287600},{"id":45339,"n":"Tartine sarrasin Céréal Bio Bio - 145g","p":1.65,"u":"11,38 €/KG","img":"https://fd8-photos.leclercdrive.fr/image.ashx?id=2810792&use=l&cat=p&typeid=i","cat":284479},{"id":45340,"n":"Tartine  Céréal Bio  Bio multicéréales - 145g","p":1.47,"u":"10,14 €/KG","img":"https://fd8-photos.leclercdrive.fr/image.ashx?id=2810795&use=l&cat=p&typeid=i","cat":284479},{"id":45341,"n":"Tartines bio Céréal Bio  Riz et châtaigne - 145g","p":1.97,"u":"13,59 €/KG","img":"https://fd8-photos.leclercdrive.fr/image.ashx?id=2752912&use=l&cat=p&typeid=i","cat":284479},{"id":45345,"n":"Terrine d'aubergine Bio Bjorg  125g","p":1.85,"u":"14,80 €/KG","img":"https://fd8-photos.leclercdrive.fr/image.ashx?id=2786030&use=l&cat=p&typeid=i","cat":315999},{"id":45351,"n":"Tartines bio Jardin Bio Sarrasin sans gluten - 150g","p":1.6,"u":"10,67 €/KG","img":"https://fd8-photos.leclercdrive.fr/image.ashx?id=2535547&use=l&cat=p&typeid=i","cat":318654},{"id":45353,"n":"Tartines bio Jardin Bio Multicéréales sans gluten -150g","p":1.6,"u":"10,67 €/KG","img":"https://fd8-photos.leclercdrive.fr/image.ashx?id=2537646&use=l&cat=p&typeid=i","cat":318654},{"id":45354,"n":"Tartines bio Jardin Bio Châtaigne sans gluten - 150g","p":1.85,"u":"12,33 €/KG","img":"https://fd8-photos.leclercdrive.fr/image.ashx?id=2537649&use=l&cat=p&typeid=i","cat":318654},{"id":45355,"n":"Thé vert Bio Clipper Au Citron - 20 sachets - 35g","p":1.99,"u":"56,86 €/KG","img":"https://fd8-photos.leclercdrive.fr/image.ashx?id=2922089&use=l&cat=p&typeid=i","cat":293233},{"id":45372,"n":"Tomates pelées Jardin Bio  Bio Entières au jus - 240g","p":1.0,"u":"4,17 €/KG","img":"https://fd8-photos.leclercdrive.fr/image.ashx?id=2967911&use=l&cat=p&typeid=i","cat":288384},{"id":45418,"n":"Saucisson brioché 600g","p":9.25,"u":"15,42 €/KG","img":"https://fd8-photos.leclercdrive.fr/image.ashx?id=2921726&use=l&cat=p&typeid=i","cat":316006},{"id":45437,"n":"Bâtonnets Surimi grands Coraya x10 - 156g","p":2.75,"u":"17,63 €/KG","img":"https://fd8-photos.leclercdrive.fr/image.ashx?id=2762133&use=l&cat=p&typeid=i","cat":285189},{"id":45454,"n":"Soufflés Tornades 3D Tokapi  Paprika 85g","p":0.73,"u":"8,59 €/KG","img":"https://fd8-photos.leclercdrive.fr/image.ashx?id=2093861&use=l&cat=p&typeid=i","cat":284449},{"id":45456,"n":"Chips Bio Village Bio Nature - 6x30g","p":2.99,"u":"16,61 €/KG","img":"https://fd8-photos.leclercdrive.fr/image.ashx?id=2838957&use=l&cat=p&typeid=i","cat":284447},{"id":45478,"n":"Nettoyant lave-vaisselle Visior 3x40g","p":2.9,"u":"24,17 €/KG","img":"https://fd8-photos.leclercdrive.fr/image.ashx?id=2742694&use=l&cat=p&typeid=i","cat":284657},{"id":45479,"n":"Nettoyant Dentamyl Appareils dentaires x36","p":2.0,"img":"https://fd8-photos.leclercdrive.fr/image.ashx?id=2486799&use=l&cat=p&typeid=i","cat":285158},{"id":45480,"n":"Nettoyant menthe Dentamyl Appareils dentaires x36","p":2.19,"img":"https://fd8-photos.leclercdrive.fr/image.ashx?id=2486802&use=l&cat=p&typeid=i","cat":285158},{"id":45482,"n":"Brosse à dents Petit Dentamyl Multicoloris - 2-6 ans -  x3","p":1.47,"u":"0,49 €/P","img":"https://fd8-photos.leclercdrive.fr/image.ashx?id=1962444&use=l&cat=p&typeid=i","cat":288897},{"id":45483,"n":"Pastilles javel Clair Parfum Menthe x42 - 168g","p":1.44,"u":"8,57 €/KG","img":"https://fd8-photos.leclercdrive.fr/image.ashx?id=2631447&use=l&cat=p&typeid=i","cat":284661},{"id":45498,"n":"Sacs poubelle 30L Elembal Ultra resist - x20","p":3.25,"u":"0,16 €/P","img":"https://fd8-photos.leclercdrive.fr/image.ashx?id=2958729&use=l&cat=p&typeid=i","cat":285168},{"id":45499,"n":"Sacs poubelle 50L Elembal Ultra résist - x15","p":3.9,"u":"0,26 €/P","img":"https://fd8-photos.leclercdrive.fr/image.ashx?id=2958732&use=l&cat=p&typeid=i","cat":285168},{"id":45500,"n":"Sacs poubelle 100L Elembal Ultra résist - x10","p":3.73,"u":"0,37 €/P","img":"https://fd8-photos.leclercdrive.fr/image.ashx?id=2958735&use=l&cat=p&typeid=i","cat":285168},{"id":45536,"n":"Taboulé Bonduelle Poulet - 300g","p":1.99,"u":"6,63 €/KG","img":"https://fd8-photos.leclercdrive.fr/image.ashx?id=2907902&use=l&cat=p&typeid=i","cat":333657},{"id":45540,"n":"Pizza l'Ovale Sodebo Jambon et fromages - 200g","p":1.65,"u":"8,25 €/KG","img":"https://fd8-photos.leclercdrive.fr/image.ashx?id=2407211&use=l&cat=p&typeid=i","cat":333679},{"id":45541,"n":"Pizza l'Ovale Sodebo 3 fromages fondants - 200g","p":1.69,"u":"8,45 €/KG","img":"https://fd8-photos.leclercdrive.fr/image.ashx?id=2723644&use=l&cat=p&typeid=i","cat":333679},{"id":45636,"n":"Bouquet garni Ducros Epices à la provençale - 18g","p":0.84,"u":"46,67 €/KG","img":"https://fd8-photos.leclercdrive.fr/image.ashx?id=1715377&use=l&cat=p&typeid=i","cat":298297},{"id":45642,"n":"Ratatouille Cuisinée Cassegrain à la Provençale 185g","p":1.99,"u":"10,76 €/KG","img":"https://fd8-photos.leclercdrive.fr/image.ashx?id=2913007&use=l&cat=p&typeid=i","cat":312612},{"id":45644,"n":"Recharge SpaWax Expert Veet Figue Sucrée et Lys Violet x6","p":5.49,"u":"36,60 €/KG","img":"https://fd8-photos.leclercdrive.fr/image.ashx?id=2854351&use=l&cat=p&typeid=i","cat":325351},{"id":45671,"n":"Chips Bret's Chèvre/piment d'espelette -125g","p":1.49,"u":"11,92 €/KG","img":"https://fd8-photos.leclercdrive.fr/image.ashx?id=1941593&use=l&cat=p&typeid=i","cat":284447},{"id":45708,"n":"Yaourt à boire Mini Yop Aromatisé Fraise - 8x100g","p":2.39,"u":"2,99 €/KG","img":"https://fd8-photos.leclercdrive.fr/image.ashx?id=2985159&use=l&cat=p&typeid=i","cat":284415},{"id":45710,"n":"Fromage Burger cheddar/emmental Président - 20 tranches - 340g","p":2.59,"u":"7,62 €/KG","img":"https://fd8-photos.leclercdrive.fr/image.ashx?id=2628239&use=l&cat=p&typeid=i","cat":314028},{"id":45711,"n":"Fromage Croque emmental Président - 20 tranches - 340g","p":3.26,"u":"9,59 €/KG","img":"https://fd8-photos.leclercdrive.fr/image.ashx?id=2838163&use=l&cat=p&typeid=i","cat":314028},{"id":45712,"n":"Emmental râpé fondant Président 500g","p":5.32,"u":"10,64 €/KG","img":"https://fd8-photos.leclercdrive.fr/image.ashx?id=2489464&use=l&cat=p&typeid=i","cat":314035},{"id":45825,"n":"Brosse à dents pro Dentamyl Souple x2","p":0.72,"u":"0,36 €/P","img":"https://fd8-photos.leclercdrive.fr/image.ashx?id=2790979&use=l&cat=p&typeid=i","cat":284614},{"id":45826,"n":"Brosse à dents pro Dentamyl Médium x2","p":0.65,"u":"0,33 €/P","img":"https://fd8-photos.leclercdrive.fr/image.ashx?id=2790982&use=l&cat=p&typeid=i","cat":284614},{"id":45855,"n":"Whisky Clan Campbell Blended Scotch 40% vol - 1,5L","p":29.85,"u":"19,90 €/L","img":"https://fd8-photos.leclercdrive.fr/image.ashx?id=2868362&use=l&cat=p&typeid=i","cat":284547},{"id":45868,"n":"Crème dessert Mont Blanc Coupelles Vanille - 4x125g","p":3.5,"u":"7,00 €/KG","img":"https://fd8-photos.leclercdrive.fr/image.ashx?id=2967301&use=l&cat=p&typeid=i","cat":284506},{"id":45870,"n":"Vinaigre ménager Clair 100% naturel - 1L","p":1.08,"u":"1,08 €/L","img":"https://fd8-photos.leclercdrive.fr/image.ashx?id=2779199&use=l&cat=p&typeid=i","cat":325365},{"id":45908,"n":"Biscuits fourrés Prince Chocolat - 3x300g","p":3.44,"u":"3,82 €/KG","img":"https://fd8-photos.leclercdrive.fr/image.ashx?id=3014641&use=l&cat=p&typeid=i","cat":284488},{"id":45909,"n":"Whisky Ballantine's 12 ans Blended Scotch 40% vol - 70cl","p":27.9,"u":"39,86 €/L","img":"https://fd8-photos.leclercdrive.fr/image.ashx?id=2957659&use=l&cat=p&typeid=i","cat":284547},{"id":45911,"n":"Thon en miette Petit Navire Huile de tournesol 3x160g","p":5.59,"u":"34,94 €/KG","img":"https://fd8-photos.leclercdrive.fr/image.ashx?id=2561571&use=l&cat=p&typeid=i","cat":303867},{"id":45914,"n":"Caramel beurre salé NRT De Guérande -200g","p":3.29,"u":"16,45 €/KG","img":"https://fd8-photos.leclercdrive.fr/image.ashx?id=1907759&use=l&cat=p&typeid=i","cat":284481},{"id":45923,"n":"Pur jus d'orange Bio Village Bio avec pulpe - 1L","p":3.11,"u":"3,11 €/L","img":"https://fd8-photos.leclercdrive.fr/image.ashx?id=2901542&use=l&cat=p&typeid=i","cat":284521},{"id":45957,"n":"Jambon cru Quart Tranché Aoste Serrano - 18 tranches - 220g","p":6.95,"u":"31,59 €/KG","img":"https://fd8-photos.leclercdrive.fr/image.ashx?id=2937181&use=l&cat=p&typeid=i","cat":316007},{"id":45965,"n":"Saucisses Knacki Herta Poulet x6 - 210g","p":1.89,"u":"9,00 €/KG","img":"https://fd8-photos.leclercdrive.fr/image.ashx?id=2290428&use=l&cat=p&typeid=i","cat":316012},{"id":46000,"n":"Jus innocent  orange avec pulpe 1.35L","p":4.5,"u":"3,33 €/L","img":"https://fd8-photos.leclercdrive.fr/image.ashx?id=2888527&use=l&cat=p&typeid=i","cat":285435},{"id":46006,"n":"AOP Jurançon vin blanc Moelleux Terrasses d'Autan-75cl","p":6.99,"u":"9,32 €/L","img":"https://fd8-photos.leclercdrive.fr/image.ashx?id=2774859&use=l&cat=p&typeid=i","cat":289557},{"id":46028,"n":"IGP Pays d'Oc Rosé Grenache Cinsault JP Chenet 12.5% BIB 3L","p":11.69,"u":"3,90 €/L","img":"https://fd8-photos.leclercdrive.fr/image.ashx?id=2941715&use=l&cat=p&typeid=i","cat":289560},{"id":46037,"n":"Biscottes Toast Pelletier  Goût brioché - 150g","p":1.69,"u":"11,27 €/KG","img":"https://fd8-photos.leclercdrive.fr/image.ashx?id=1888023&use=l&cat=p&typeid=i","cat":284479},{"id":46043,"n":"Barre 2 chocolats Gerlinéa  Repas minceur x10, 310g","p":4.8,"u":"15,48 €/KG","img":"https://fd8-photos.leclercdrive.fr/image.ashx?id=2638181&use=l&cat=p&typeid=i","cat":318652},{"id":46044,"n":"Barre chocolat orange GERLINEA  Repas minceur x10, 310g","p":4.8,"u":"15,48 €/KG","img":"https://fd8-photos.leclercdrive.fr/image.ashx?id=2654752&use=l&cat=p&typeid=i","cat":318652},{"id":46047,"n":"Sirop d'érable  250g","p":3.3,"u":"13,20 €/KG","img":"https://fd8-photos.leclercdrive.fr/image.ashx?id=2480298&use=l&cat=p&typeid=i","cat":287643},{"id":46051,"n":"Menus chat Tous mes amis Viande menus gourmands 24x100g","p":6.95,"u":"2,90 €/KG","img":"https://fd8-photos.leclercdrive.fr/image.ashx?id=2027607&use=l&cat=p&typeid=i","cat":285286},{"id":46052,"n":"Gelée pour chat Tous mes amis Poisson menus gourmands 24x100g","p":6.95,"u":"2,90 €/KG","img":"https://fd8-photos.leclercdrive.fr/image.ashx?id=2027604&use=l&cat=p&typeid=i","cat":285286},{"id":46072,"n":"Saucisson sec Le Galibier 200g","p":5.28,"u":"26,40 €/KG","img":"https://fd8-photos.leclercdrive.fr/image.ashx?id=2817686&use=l&cat=p&typeid=i","cat":316006},{"id":46078,"n":"Saucisson sec Le Galibier Beaufort - 200g","p":5.2,"u":"26,00 €/KG","img":"https://fd8-photos.leclercdrive.fr/image.ashx?id=2817692&use=l&cat=p&typeid=i","cat":316006},{"id":46079,"n":"Saucisson sec Le Galibier Sanglier - 200g","p":5.12,"u":"25,60 €/KG","img":"https://fd8-photos.leclercdrive.fr/image.ashx?id=2952661&use=l&cat=p&typeid=i","cat":316006},{"id":46160,"n":"Bière blanche Hoegaarden 4,9% - 12x25cl","p":7.03,"u":"2,34 €/L","img":"https://fd8-photos.leclercdrive.fr/image.ashx?id=2948420&use=l&cat=p&typeid=i","cat":334878},{"id":46166,"n":"Crackers bio Bio Village 3 graines - 200g","p":2.69,"u":"13,45 €/KG","img":"https://fd8-photos.leclercdrive.fr/image.ashx?id=2310504&use=l&cat=p&typeid=i","cat":297000},{"id":46224,"n":"Friandises chien Pedigree Récompense bœuf fromage - 140g","p":1.46,"u":"10,43 €/KG","img":"https://fd8-photos.leclercdrive.fr/image.ashx?id=2256203&use=l&cat=p&typeid=i","cat":294527},{"id":46381,"n":"Fromage Emmenta Les Croisés En dés - 150g","p":1.89,"u":"12,60 €/KG","img":"https://fd8-photos.leclercdrive.fr/image.ashx?id=2422550&use=l&cat=p&typeid=i","cat":314027},{"id":46433,"n":"Poivrons Tradizioni D'italia  Grillés/huile d'olive - 280g","p":3.49,"u":"12,46 €/KG","img":"https://fd8-photos.leclercdrive.fr/image.ashx?id=2840046&use=l&cat=p&typeid=i","cat":312608},{"id":46454,"n":"Monster Munch Jambon/fromage - 135g","p":1.43,"u":"10,59 €/KG","img":"https://fd8-photos.leclercdrive.fr/image.ashx?id=2917468&use=l&cat=p&typeid=i","cat":284449},{"id":46462,"n":"Mini coudes Turini 500g","p":0.99,"u":"1,98 €/KG","img":"https://fd8-photos.leclercdrive.fr/image.ashx?id=2607566&use=l&cat=p&typeid=i","cat":284427},{"id":46472,"n":"Pandoro Tradizioni D'italia 500g","p":5.99,"u":"11,98 €/KG","img":"https://fd8-photos.leclercdrive.fr/image.ashx?id=2743924&use=l&cat=p&typeid=i","cat":293600},{"id":46498,"n":"Pomme de terre Bio Bio Village Four Potage - 1.5kg","p":2.99,"u":"1,99 €/KG","img":"https://fd8-photos.leclercdrive.fr/image.ashx?id=2959752&use=l&cat=p&typeid=i","cat":284352},{"id":46525,"n":"Brosse à dents pro Dentamyl Souple x1","p":1.32,"img":"https://fd8-photos.leclercdrive.fr/image.ashx?id=2790985&use=l&cat=p&typeid=i","cat":284614},{"id":46540,"n":"Croquette chat stérilisé Ultima Poulet - Sénior +10 ans - 1.5kg","p":7.55,"u":"5,03 €/KG","img":"https://fd8-photos.leclercdrive.fr/image.ashx?id=2922227&use=l&cat=p&typeid=i","cat":284680},{"id":46541,"n":"Croquette chat stérilisé Ultima Chat d'intérieur - Dinde -1.5kg","p":7.55,"u":"5,03 €/KG","img":"https://fd8-photos.leclercdrive.fr/image.ashx?id=2927009&use=l&cat=p&typeid=i","cat":284680},{"id":46542,"n":"Croquettes petits chien Ultima  Poulet - Bulldog - 1.5kg","p":6.35,"u":"4,23 €/KG","img":"https://fd8-photos.leclercdrive.fr/image.ashx?id=2924869&use=l&cat=p&typeid=i","cat":294526},{"id":46547,"n":"Croquette chat stérilisé Ultima  Truite - Sensible - 1.5kg","p":5.93,"u":"3,95 €/KG","img":"https://fd8-photos.leclercdrive.fr/image.ashx?id=2937436&use=l&cat=p&typeid=i","cat":284680},{"id":46654,"n":"Bière blonde La Chouffe 33cl","p":2.48,"u":"7,52 €/L","img":"https://fd8-photos.leclercdrive.fr/image.ashx?id=2877073&use=l&cat=p&typeid=i","cat":334872},{"id":46667,"n":"Monster Munch Salé - 135g","p":1.57,"u":"11,63 €/KG","img":"https://fd8-photos.leclercdrive.fr/image.ashx?id=2996935&use=l&cat=p&typeid=i","cat":284449},{"id":46703,"n":"Spray désodorisant Airwick  Pure Douceur de Coton - 250ml","p":2.69,"u":"10,76 €/L","img":"https://fd8-photos.leclercdrive.fr/image.ashx?id=2858600&use=l&cat=p&typeid=i","cat":311626},{"id":46848,"n":"Emmental Président Sel réduit 30% - 200g","p":3.09,"u":"15,45 €/KG","img":"https://fd8-photos.leclercdrive.fr/image.ashx?id=2833363&use=l&cat=p&typeid=i","cat":314034},{"id":46875,"n":"Crème dessert Mont Blanc Coupelles Caramel - 4x125g","p":2.66,"u":"5,32 €/KG","img":"https://fd8-photos.leclercdrive.fr/image.ashx?id=3011002&use=l&cat=p&typeid=i","cat":284506},{"id":46950,"n":"Physalis  Barquette 100g","p":1.9,"u":"19,00 €/KG","img":"https://fd8-photos.leclercdrive.fr/image.ashx?id=823735&use=l&cat=p&typeid=i","cat":284356},{"id":46981,"n":"Petit cake Bonne Maman Aux fruits - 300g","p":3.49,"u":"11,63 €/KG","img":"https://fd8-photos.leclercdrive.fr/image.ashx?id=2936173&use=l&cat=p&typeid=i","cat":284493},{"id":46982,"n":"Cookies gros éclats Granola Chocolat - 276g","p":2.5,"u":"9,06 €/KG","img":"https://fd8-photos.leclercdrive.fr/image.ashx?id=3005335&use=l&cat=p&typeid=i","cat":325066},{"id":46984,"n":"Café et Chicorée Soluble Ricoré  Original Recharge - 180g","p":3.85,"u":"21,39 €/KG","img":"https://fd8-photos.leclercdrive.fr/image.ashx?id=2980112&use=l&cat=p&typeid=i","cat":284843},{"id":46990,"n":"Chocolat en poudre Nestlé Boîte - 500g","p":4.65,"u":"9,30 €/KG","img":"https://fd8-photos.leclercdrive.fr/image.ashx?id=2817335&use=l&cat=p&typeid=i","cat":293235},{"id":47036,"n":"Litière chats Tranquille Végétale assainissant - 4L","p":5.99,"u":"1,50 €/L","img":"https://fd8-photos.leclercdrive.fr/image.ashx?id=2421868&use=l&cat=p&typeid=i","cat":284683},{"id":47038,"n":"Beurre de cacahuètes Ethiquable  Nicaragua - 350g","p":3.08,"u":"8,80 €/KG","img":"https://fd8-photos.leclercdrive.fr/image.ashx?id=2873396&use=l&cat=p&typeid=i","cat":284481},{"id":47127,"n":"Bière Red Desperados 5.9%vol. - 6x33cl","p":8.8,"u":"4,44 €/L","img":"https://fd8-photos.leclercdrive.fr/image.ashx?id=2766229&use=l&cat=p&typeid=i","cat":334878},{"id":47137,"n":"Jambon cuit Montorsi Rôti aux herbes - 150g","p":4.54,"u":"30,27 €/KG","img":"https://fd8-photos.leclercdrive.fr/image.ashx?id=2488749&use=l&cat=p&typeid=i","cat":316009},{"id":47169,"n":"Sacs poubelle 10L Elembal Salle de bain - x20","p":0.8,"u":"0,04 €/P","img":"https://fd8-photos.leclercdrive.fr/image.ashx?id=1732829&use=l&cat=p&typeid=i","cat":285168},{"id":47171,"n":"Papier toilette Eco+ x4","p":1.3,"u":"0,33 €/P","img":"https://fd8-photos.leclercdrive.fr/image.ashx?id=2783337&use=l&cat=p&typeid=i","cat":284634},{"id":47180,"n":"Gel douche enfant Tahiti Fruits exotiques - 300ml","p":1.76,"u":"5,87 €/L","img":"https://fd8-photos.leclercdrive.fr/image.ashx?id=2687332&use=l&cat=p&typeid=i","cat":284594},{"id":47199,"n":"Serviettes Always Discreet Long plus - x16","p":8.83,"u":"0,55 €/P","img":"https://fd8-photos.leclercdrive.fr/image.ashx?id=2588603&use=l&cat=p&typeid=i","cat":284628},{"id":47234,"n":"Lames Gillette Sensor Excel - x10","p":12.45,"u":"1,25 €/P","img":"https://fd8-photos.leclercdrive.fr/image.ashx?id=2566476&use=l&cat=p&typeid=i","cat":284616},{"id":47253,"n":"Escalope de dinde Le Gaulois x6 - 720g","p":11.15,"u":"15,49 €/KG","img":"https://fd8-photos.leclercdrive.fr/image.ashx?id=2405506&use=l&cat=p&typeid=i","cat":284337},{"id":47254,"n":"Pâtes Coudes Rayés Turini 1kg","p":1.75,"u":"1,75 €/KG","img":"https://fd8-photos.leclercdrive.fr/image.ashx?id=2980809&use=l&cat=p&typeid=i","cat":284427},{"id":47255,"n":"Pâtes linguine Turini  500g","p":0.91,"u":"1,82 €/KG","img":"https://fd8-photos.leclercdrive.fr/image.ashx?id=2607554&use=l&cat=p&typeid=i","cat":284427},{"id":47256,"n":"Pâtes Farfalles Turini  1kg","p":1.2,"u":"1,20 €/KG","img":"https://fd8-photos.leclercdrive.fr/image.ashx?id=2665574&use=l&cat=p&typeid=i","cat":284427},{"id":47257,"n":"Pâtes Spaghettoni Turini  500g","p":0.84,"u":"1,68 €/KG","img":"https://fd8-photos.leclercdrive.fr/image.ashx?id=2607557&use=l&cat=p&typeid=i","cat":284427},{"id":47258,"n":"Pâtes coquillettes Turini Blé complet  - 500g","p":1.09,"u":"2,18 €/KG","img":"https://fd8-photos.leclercdrive.fr/image.ashx?id=2607563&use=l&cat=p&typeid=i","cat":284427},{"id":47259,"n":"Pistaches Tokapi  Grillées à sec - 75g","p":1.65,"u":"22,00 €/KG","img":"https://fd8-photos.leclercdrive.fr/image.ashx?id=2795571&use=l&cat=p&typeid=i","cat":284448},{"id":47263,"n":"Brossettes Dentamyl Interdentaires - x5","p":2.49,"u":"0,50 €/P","img":"https://fd8-photos.leclercdrive.fr/image.ashx?id=2672879&use=l&cat=p&typeid=i","cat":285159},{"id":47359,"n":"Sandwich Mega Club Sodebo  Pain Complet Poulet Mayo - 230g","p":1.99,"u":"8,65 €/KG","img":"https://fd8-photos.leclercdrive.fr/image.ashx?id=2960156&use=l&cat=p&typeid=i","cat":333658},{"id":47360,"n":"Fromage à tartiner Madame Loïk Fouetté Ail Fines Herbes - 150g","p":1.93,"u":"12,87 €/KG","img":"https://fd8-photos.leclercdrive.fr/image.ashx?id=2948021&use=l&cat=p&typeid=i","cat":314029},{"id":47381,"n":"Vin Union européenne blanc Lichette 11° - 75 cl","p":2.65,"u":"3,53 €/L","img":"https://fd8-photos.leclercdrive.fr/image.ashx?id=2943855&use=l&cat=p&typeid=i","cat":289557},{"id":47389,"n":"AOP Bordeaux rouge Bio Nos racines - 75cl","p":4.65,"u":"6,20 €/L","img":"https://fd8-photos.leclercdrive.fr/image.ashx?id=2544452&use=l&cat=p&typeid=i","cat":289556},{"id":47396,"n":"Mélange gourmand maxi Les Crudettes - 320g","p":2.99,"u":"9,34 €/KG","img":"https://fd8-photos.leclercdrive.fr/image.ashx?id=2238684&use=l&cat=p&typeid=i","cat":284353},{"id":47397,"n":"Salade frisée Les Crudettes 100% coeurs - 200g","p":2.1,"pp":1.39,"u":"6,95 €/KG","img":"https://fd8-photos.leclercdrive.fr/image.ashx?id=1933278&use=l&cat=p&typeid=i","cat":284353},{"id":47404,"n":"Eau gazeuse aromatisée Badoit citron sans sucres - 6x50cl","p":2.84,"u":"0,95 €/L","img":"https://fd8-photos.leclercdrive.fr/image.ashx?id=2730643&use=l&cat=p&typeid=i","cat":284536},{"id":47438,"n":"Chewing-gum Freedent White  Bubble menthe 5x10  - 70g","p":1.92,"u":"27,43 €/KG","img":"https://fd8-photos.leclercdrive.fr/image.ashx?id=1934997&use=l&cat=p&typeid=i","cat":304251},{"id":47470,"n":"Bouillon de poule Knorr x15 - 150g","p":0.98,"u":"6,53 €/KG","img":"https://fd8-photos.leclercdrive.fr/image.ashx?id=2940678&use=l&cat=p&typeid=i","cat":288379},{"id":47493,"n":"Tablette chocolat au lait Milka Morceaux de Oreo -  3x100g","p":4.17,"u":"13,90 €/KG","img":"https://fd8-photos.leclercdrive.fr/image.ashx?id=2617081&use=l&cat=p&typeid=i","cat":284497},{"id":47494,"n":"Tablette chocolat au lait Milka Eclats de caramel Daim - 3x100g","p":4.17,"u":"13,90 €/KG","img":"https://fd8-photos.leclercdrive.fr/image.ashx?id=2617084&use=l&cat=p&typeid=i","cat":284497},{"id":47512,"n":"Whisky Jack Daniel's Old N°7 1,5L","p":43.45,"u":"28,97 €/L","img":"https://fd8-photos.leclercdrive.fr/image.ashx?id=2986840&use=l&cat=p&typeid=i","cat":284547},{"id":47529,"n":"Vin mousseux de France Rosé J.P Chenet 11%vol - 75cl","p":5.85,"u":"7,80 €/L","img":"https://fd8-photos.leclercdrive.fr/image.ashx?id=2794472&use=l&cat=p&typeid=i","cat":284544},{"id":47542,"n":"Starmint Haribo Sachet bonbons menthe - 200g","p":1.75,"u":"8,75 €/KG","img":"https://fd8-photos.leclercdrive.fr/image.ashx?id=2984889&use=l&cat=p&typeid=i","cat":304252},{"id":47543,"n":"Sucettes Chupa Chups Au fruits, sachet - 192g","p":2.01,"u":"10,47 €/KG","img":"https://fd8-photos.leclercdrive.fr/image.ashx?id=2647651&use=l&cat=p&typeid=i","cat":304252},{"id":47563,"n":"Macédoine de Légumes Bonduelle 265g","p":0.88,"u":"3,32 €/KG","img":"https://fd8-photos.leclercdrive.fr/image.ashx?id=2910007&use=l&cat=p&typeid=i","cat":312612},{"id":47592,"n":"Crêpe fourrée Whaou Cracky choco x8 - 256g","p":2.11,"u":"8,24 €/KG","img":"https://fd8-photos.leclercdrive.fr/image.ashx?id=2971029&use=l&cat=p&typeid=i","cat":284494},{"id":47593,"n":"Yaourts Mamie Nova Chocolat - 2x150g","p":1.35,"u":"4,50 €/KG","img":"https://fd8-photos.leclercdrive.fr/image.ashx?id=2909029&use=l&cat=p&typeid=i","cat":285041},{"id":47646,"n":"Pâtes Macaroni Panzani  3 Minutes - 500G","p":1.45,"u":"2,90 €/KG","img":"https://fd8-photos.leclercdrive.fr/image.ashx?id=2896081&use=l&cat=p&typeid=i","cat":284427},{"id":47657,"n":"Bâtonnets Dentastix Pedigree Grand chien x56 - 2160g","p":17.79,"u":"8,24 €/KG","img":"https://fd8-photos.leclercdrive.fr/image.ashx?id=2980064&use=l&cat=p&typeid=i","cat":294527},{"id":47658,"n":"Bâtonnets  Dentastix Pedigree Petit chien x56 - 880g","p":8.29,"u":"9,42 €/KG","img":"https://fd8-photos.leclercdrive.fr/image.ashx?id=2937787&use=l&cat=p&typeid=i","cat":294527},{"id":47667,"n":"Pâtes Penne Rigate Panzani 3 Minutes - 500G","p":1.04,"u":"2,08 €/KG","img":"https://fd8-photos.leclercdrive.fr/image.ashx?id=2896087&use=l&cat=p&typeid=i","cat":284427},{"id":47668,"n":"Pâtes Spaghetti Panzani Prêt en 3 min - 1kg","p":2.54,"u":"2,54 €/KG","img":"https://fd8-photos.leclercdrive.fr/image.ashx?id=2896102&use=l&cat=p&typeid=i","cat":284427},{"id":47681,"n":"Sauce pizza Turini aux tomates et origan - 390g","p":0.99,"u":"2,54 €/KG","img":"https://fd8-photos.leclercdrive.fr/image.ashx?id=2412025&use=l&cat=p&typeid=i","cat":288384},{"id":47685,"n":"Moutarde American Style Heinz Classique - 240g","p":1.65,"u":"6,88 €/KG","img":"https://fd8-photos.leclercdrive.fr/image.ashx?id=2928354&use=l&cat=p&typeid=i","cat":288850},{"id":47686,"n":"Fromage Spécialité Babybel Maxi - 200g","p":2.05,"u":"10,25 €/KG","img":"https://fd8-photos.leclercdrive.fr/image.ashx?id=2806913&use=l&cat=p&typeid=i","cat":314030},{"id":47687,"n":"IGP Sables de Camargue rosé Bio Les Embruns 12% vol - 75cl","p":4.57,"u":"6,09 €/L","img":"https://fd8-photos.leclercdrive.fr/image.ashx?id=2260698&use=l&cat=p&typeid=i","cat":289558},{"id":47693,"n":"AOP Saint-Émilion vin rouge Chantet Blanet - 75cl","p":8.95,"u":"11,93 €/L","img":"https://fd8-photos.leclercdrive.fr/image.ashx?id=2848493&use=l&cat=p&typeid=i","cat":289556},{"id":47694,"n":"AOC Sauternes vin blanc Chantet Blanet - 75cl","p":12.99,"u":"17,32 €/L","img":"https://fd8-photos.leclercdrive.fr/image.ashx?id=2748055&use=l&cat=p&typeid=i","cat":289557},{"id":47698,"n":"AOC Madiran vin rouge  Terrasses d'Autan - 75cl","p":4.49,"u":"5,99 €/L","img":"https://fd8-photos.leclercdrive.fr/image.ashx?id=2800270&use=l&cat=p&typeid=i","cat":289556},{"id":47702,"n":"Sirop La Maison Guiot Violette - 70cl","p":3.65,"u":"5,21 €/L","img":"https://fd8-photos.leclercdrive.fr/image.ashx?id=2014832&use=l&cat=p&typeid=i","cat":295020},{"id":47718,"n":"Boisson gourmande PAGO Cocktail Tropical Vitaminé - 75cl","p":1.89,"u":"2,52 €/L","img":"https://fd8-photos.leclercdrive.fr/image.ashx?id=2861854&use=l&cat=p&typeid=i","cat":284917},{"id":47722,"n":"Compotes Pom'Potes Gourdes  Pomme Nature - 12x90g","p":4.79,"u":"4,44 €/KG","img":"https://fd8-photos.leclercdrive.fr/image.ashx?id=2968082&use=l&cat=p&typeid=i","cat":284508},{"id":47724,"n":"Compotes Pom'Potes Gourdes  Sans sucres- 20x90g","p":7.49,"u":"4,16 €/KG","img":"https://fd8-photos.leclercdrive.fr/image.ashx?id=2883408&use=l&cat=p&typeid=i","cat":284508},{"id":47725,"n":"Bière blonde Lime Desperados 3%vol. - 3x33cl","p":5.35,"u":"5,40 €/L","img":"https://fd8-photos.leclercdrive.fr/image.ashx?id=2655868&use=l&cat=p&typeid=i","cat":334878},{"id":47726,"n":"Bière Red Desperados 5.9%vol. - 3x33cl","p":4.58,"u":"4,63 €/L","img":"https://fd8-photos.leclercdrive.fr/image.ashx?id=2918640&use=l&cat=p&typeid=i","cat":334878},{"id":47760,"n":"Gâteaux moelleux Milka Pépites de chocolat - 140g","p":2.12,"u":"15,14 €/KG","img":"https://fd8-photos.leclercdrive.fr/image.ashx?id=2192581&use=l&cat=p&typeid=i","cat":284495},{"id":47772,"n":"Chips Lay's Saveur cheeseburger - 120g","p":1.34,"u":"11,17 €/KG","img":"https://fd8-photos.leclercdrive.fr/image.ashx?id=3011134&use=l&cat=p&typeid=i","cat":284447},{"id":47793,"n":"Cancoillotte aux noix NRT IGP 250g","p":2.09,"u":"8,36 €/KG","img":"https://fd8-photos.leclercdrive.fr/image.ashx?id=2663857&use=l&cat=p&typeid=i","cat":314037},{"id":47794,"n":"Fromage Tomme de Savoie NRT IGP 300g","p":4.29,"u":"14,30 €/KG","img":"https://fd8-photos.leclercdrive.fr/image.ashx?id=2934835&use=l&cat=p&typeid=i","cat":329184},{"id":47795,"n":"Papier toilette humide Lotus Aloe Douceur - x42 feuilles","p":2.09,"u":"0,05 €/P","img":"https://fd8-photos.leclercdrive.fr/image.ashx?id=2864840&use=l&cat=p&typeid=i","cat":284634},{"id":47796,"n":"Papier toilette humide Lotus Pure - x42 feuilles","p":1.75,"u":"0,04 €/P","img":"https://fd8-photos.leclercdrive.fr/image.ashx?id=2866070&use=l&cat=p&typeid=i","cat":284634},{"id":47807,"n":"Boisson Sunny Delight Multivitamines - 1,25L","p":2.45,"u":"1,96 €/L","img":"https://fd8-photos.leclercdrive.fr/image.ashx?id=2309948&use=l&cat=p&typeid=i","cat":285435},{"id":47841,"n":"Crème glacée l'Angélys Café - 450g","p":6.3,"u":"14,00 €/KG","img":"https://fd8-photos.leclercdrive.fr/image.ashx?id=2963568&use=l&cat=p&typeid=i","cat":284263},{"id":47843,"n":"Cordon bleu poulet Maître Coq 1kg","p":8.08,"u":"8,08 €/KG","img":"https://fd8-photos.leclercdrive.fr/image.ashx?id=2939475&use=l&cat=p&typeid=i","cat":319780},{"id":47865,"n":"Apéritif Lillet Rosé à base de vin 17% vol 75cl","p":11.25,"u":"15,00 €/L","img":"https://fd8-photos.leclercdrive.fr/image.ashx?id=2946493&use=l&cat=p&typeid=i","cat":304569},{"id":47866,"n":"Apéritif Lillet Blanc à base de vin 17% vol 75cl","p":11.55,"u":"15,40 €/L","img":"https://fd8-photos.leclercdrive.fr/image.ashx?id=2998922&use=l&cat=p&typeid=i","cat":304569},{"id":47965,"n":"AOP Côtes du Vivarais vin rosé 75cl","p":3.72,"u":"4,96 €/L","img":"https://fd8-photos.leclercdrive.fr/image.ashx?id=2020848&use=l&cat=p&typeid=i","cat":289558},{"id":48007,"n":"Vin mousseux de France Kriter blanc Demi-sec - 75cl","p":4.43,"u":"5,91 €/L","img":"https://fd8-photos.leclercdrive.fr/image.ashx?id=2840871&use=l&cat=p&typeid=i","cat":284544},{"id":48048,"n":"Flan bio les 2 vaches Vanille caramel - 4x100g","p":1.71,"u":"4,28 €/KG","img":"https://fd8-photos.leclercdrive.fr/image.ashx?id=2735446&use=l&cat=p&typeid=i","cat":284420},{"id":48055,"n":"Hachis parmentier Marie  1kg","p":5.99,"u":"5,99 €/KG","img":"https://fd8-photos.leclercdrive.fr/image.ashx?id=2993385&use=l&cat=p&typeid=i","cat":284254},{"id":48079,"n":"Vinaigre de Cidre MAILLE au jus de pomme concentré 50cl","p":2.19,"u":"4,38 €/L","img":"https://fd8-photos.leclercdrive.fr/image.ashx?id=2945421&use=l&cat=p&typeid=i","cat":298543},{"id":48107,"n":"Thon mariné Petit Navire Citron/thym - 110g","p":2.19,"u":"19,91 €/KG","img":"https://fd8-photos.leclercdrive.fr/image.ashx?id=2986122&use=l&cat=p&typeid=i","cat":303867},{"id":48112,"n":"Poivre noir moulu Ducros Fort, N°9 - 35g","p":1.74,"u":"49,71 €/KG","img":"https://fd8-photos.leclercdrive.fr/image.ashx?id=2486593&use=l&cat=p&typeid=i","cat":284457},{"id":48113,"n":"Thym Ducros Flacon - 14g","p":1.05,"u":"75,00 €/KG","img":"https://fd8-photos.leclercdrive.fr/image.ashx?id=2983210&use=l&cat=p&typeid=i","cat":298297},{"id":48114,"n":"Persil Ducros 5g","p":0.83,"u":"166,00 €/KG","img":"https://fd8-photos.leclercdrive.fr/image.ashx?id=2490503&use=l&cat=p&typeid=i","cat":298297},{"id":48117,"n":"Sailor Jerry Boisson à base de Rhum - 40% - 70cl","p":16.59,"u":"23,70 €/L","img":"https://fd8-photos.leclercdrive.fr/image.ashx?id=2506645&use=l&cat=p&typeid=i","cat":284551},{"id":48118,"n":"Whisky Glenmorangie Original 10ans - 40%vol - 70cl","p":31.56,"u":"45,09 €/L","img":"https://fd8-photos.leclercdrive.fr/image.ashx?id=2525408&use=l&cat=p&typeid=i","cat":284547},{"id":48164,"n":"Barres céréales Extra Kellogg's Chocolat et Amande - 4x32g","p":2.5,"u":"19,53 €/KG","img":"https://fd8-photos.leclercdrive.fr/image.ashx?id=2736601&use=l&cat=p&typeid=i","cat":285869},{"id":48167,"n":"Dosettes café Plantation  Doux - x36 - 250g","p":3.83,"u":"15,32 €/KG","img":"https://fd8-photos.leclercdrive.fr/image.ashx?id=2622121&use=l&cat=p&typeid=i","cat":293238},{"id":48200,"n":"Rillettes de poulet rôti Bordeau Chesnel - 220g","p":2.79,"u":"12,68 €/KG","img":"https://fd8-photos.leclercdrive.fr/image.ashx?id=2855046&use=l&cat=p&typeid=i","cat":316008},{"id":48203,"n":"Olives vertes Croc'frais A l'orientale Dénoyautées 200g","p":3.19,"u":"15,95 €/KG","img":"https://fd8-photos.leclercdrive.fr/image.ashx?id=2833702&use=l&cat=p&typeid=i","cat":316002},{"id":48210,"n":"Pâte d'amande Maître Prunille Tricolore - 250g","p":2.45,"u":"9,80 €/KG","img":"https://fd8-photos.leclercdrive.fr/image.ashx?id=2248330&use=l&cat=p&typeid=i","cat":284504},{"id":48226,"n":"Petit Pois, Carotte Cassegrain Tendres et Fondants 130g","p":1.21,"u":"9,31 €/KG","img":"https://fd8-photos.leclercdrive.fr/image.ashx?id=2912977&use=l&cat=p&typeid=i","cat":312607},{"id":48258,"n":"Croquettes chat Ultima Stérilisé - Saumon - 3kg","p":12.35,"u":"4,12 €/KG","img":"https://fd8-photos.leclercdrive.fr/image.ashx?id=2922221&use=l&cat=p&typeid=i","cat":284680},{"id":48265,"n":"Porto Cruz  Réserve - 19%vol - 75cl","p":11.15,"u":"14,87 €/L","img":"https://fd8-photos.leclercdrive.fr/image.ashx?id=3011092&use=l&cat=p&typeid=i","cat":284913},{"id":48267,"n":"Rhum ambré Saint James 45%vol - 70cl","p":15.65,"u":"22,36 €/L","img":"https://fd8-photos.leclercdrive.fr/image.ashx?id=2970945&use=l&cat=p&typeid=i","cat":284550},{"id":48268,"n":"Gin Gordon's 37.5%vol - 70cl","p":12.5,"u":"17,86 €/L","img":"https://fd8-photos.leclercdrive.fr/image.ashx?id=2736388&use=l&cat=p&typeid=i","cat":284550},{"id":48270,"n":"Whisky Tullamore Dew 40%vol - 70cl","p":20.06,"u":"28,66 €/L","img":"https://fd8-photos.leclercdrive.fr/image.ashx?id=2864801&use=l&cat=p&typeid=i","cat":284547},{"id":48272,"n":"Liqueur de menthe Get 31 24° - 70cl","p":15.09,"u":"21,56 €/L","img":"https://fd8-photos.leclercdrive.fr/image.ashx?id=2840497&use=l&cat=p&typeid=i","cat":286032},{"id":48302,"n":"Sandwich triangle Daunat Poulet rôti mayonnaise - 160g","p":1.85,"u":"11,56 €/KG","img":"https://fd8-photos.leclercdrive.fr/image.ashx?id=2894257&use=l&cat=p&typeid=i","cat":333658},{"id":48306,"n":"IGP Pays d'Oc rosé Grenache Les Ormes de Cambras 11.5% 75cl","p":2.44,"u":"3,25 €/L","img":"https://fd8-photos.leclercdrive.fr/image.ashx?id=2285234&use=l&cat=p&typeid=i","cat":289558},{"id":48307,"n":"IGP Pays d'Oc rosé Grenache Les Ormes de Cambras - BIB 5L","p":17.85,"u":"3,57 €/L","img":"https://fd8-photos.leclercdrive.fr/image.ashx?id=2489458&use=l&cat=p&typeid=i","cat":289560},{"id":48309,"n":"Bière aromatisée Skøll Vodka et agrumes - 3x33cl","p":3.17,"u":"3,20 €/L","img":"https://fd8-photos.leclercdrive.fr/image.ashx?id=2803556&use=l&cat=p&typeid=i","cat":334878},{"id":48310,"n":"Concentré à diluer Pulco Citron vert - 70cl","p":2.75,"u":"3,93 €/L","img":"https://fd8-photos.leclercdrive.fr/image.ashx?id=2686630&use=l&cat=p&typeid=i","cat":295020},{"id":48311,"n":"Concentré à diluer Pulco Orange Citron - 70cl","p":2.22,"u":"3,17 €/L","img":"https://fd8-photos.leclercdrive.fr/image.ashx?id=2686633&use=l&cat=p&typeid=i","cat":295020},{"id":48312,"n":"Eau minérale gazeuse Perrier  Fines bulles - 6x50cl","p":2.52,"u":"0,84 €/L","img":"https://fd8-photos.leclercdrive.fr/image.ashx?id=2737021&use=l&cat=p&typeid=i","cat":284536},{"id":48315,"n":"Riz au lait Délisse Sur lit de caramel - 4x115g","p":1.69,"u":"3,67 €/KG","img":"https://fd8-photos.leclercdrive.fr/image.ashx?id=2595110&use=l&cat=p&typeid=i","cat":284418},{"id":48339,"n":"Chocolat au lait Lindt  Praliné Noisette - 100g","p":2.05,"u":"20,50 €/KG","img":"https://fd8-photos.leclercdrive.fr/image.ashx?id=2751321&use=l&cat=p&typeid=i","cat":284497},{"id":48348,"n":"Chocolat au lait Lindt Création Caramel - 150g","p":3.19,"u":"21,27 €/KG","img":"https://fd8-photos.leclercdrive.fr/image.ashx?id=2685814&use=l&cat=p&typeid=i","cat":284497},{"id":48352,"n":"Tablette de chocolat noir Lindt Orange intense - 100g","p":2.39,"u":"23,90 €/KG","img":"https://fd8-photos.leclercdrive.fr/image.ashx?id=2689496&use=l&cat=p&typeid=i","cat":284956},{"id":48354,"n":"Tablette de chocolat noir Lindt 85% cacao - 100g","p":2.29,"u":"22,90 €/KG","img":"https://fd8-photos.leclercdrive.fr/image.ashx?id=2681589&use=l&cat=p&typeid=i","cat":284956},{"id":48383,"n":"Gel Lubrifiant Massage 2 en 1 Durex Sensuel Ylang Ylang 200ml","p":7.71,"u":"38,55 €/L","img":"https://fd8-photos.leclercdrive.fr/image.ashx?id=2736562&use=l&cat=p&typeid=i","cat":285160},{"id":48419,"n":"AOP Alsace Riesling blanc Wolfberger - 75cl","p":6.5,"pp":4.87,"u":"6,49 €/L","img":"https://fd8-photos.leclercdrive.fr/image.ashx?id=2905357&use=l&cat=p&typeid=i","cat":289557},{"id":48421,"n":"AOP Alsace Gewurztraminer blanc Wolfberger 13,5% - 75cl","p":7.85,"u":"10,47 €/L","img":"https://fd8-photos.leclercdrive.fr/image.ashx?id=2936368&use=l&cat=p&typeid=i","cat":289557},{"id":48471,"n":"Mélange 5 baies n°5 Ducros 70g","p":2.63,"u":"37,57 €/KG","img":"https://fd8-photos.leclercdrive.fr/image.ashx?id=2486602&use=l&cat=p&typeid=i","cat":284457},{"id":48485,"n":"Farine à gâteaux Francine 1kg","p":1.59,"u":"1,59 €/KG","img":"https://fd8-photos.leclercdrive.fr/image.ashx?id=1966511&use=l&cat=p&typeid=i","cat":284503},{"id":48508,"n":"Ketchup AMORA Flacon Souple - 550g","p":1.58,"u":"2,87 €/KG","img":"https://fd8-photos.leclercdrive.fr/image.ashx?id=2766649&use=l&cat=p&typeid=i","cat":284455},{"id":48511,"n":"Menagère poivre blanc  Ducros N° 8 - 90g","p":2.84,"u":"31,56 €/KG","img":"https://fd8-photos.leclercdrive.fr/image.ashx?id=2559481&use=l&cat=p&typeid=i","cat":284457},{"id":48512,"n":"Poivre noir n°6 Ducros Moulin - 28g","p":2.34,"u":"83,57 €/KG","img":"https://fd8-photos.leclercdrive.fr/image.ashx?id=2559472&use=l&cat=p&typeid=i","cat":284457},{"id":48515,"n":"Coriandre Ducros Moulue - 32g","p":1.13,"u":"35,31 €/KG","img":"https://fd8-photos.leclercdrive.fr/image.ashx?id=2490497&use=l&cat=p&typeid=i","cat":298297},{"id":48525,"n":"Tomato Ketchup Heinz - 700g","p":2.69,"u":"3,84 €/KG","img":"https://fd8-photos.leclercdrive.fr/image.ashx?id=2729326&use=l&cat=p&typeid=i","cat":284455},{"id":48545,"n":"Biscuits petit beurre LU 400g","p":2.35,"u":"5,88 €/KG","img":"https://fd8-photos.leclercdrive.fr/image.ashx?id=2119376&use=l&cat=p&typeid=i","cat":284487},{"id":48573,"n":"Barre Chocolat au Lait KitKat x10 barres - 415g","p":5.03,"u":"1,21 €/L","img":"https://fd8-photos.leclercdrive.fr/image.ashx?id=2905045&use=l&cat=p&typeid=i","cat":284498},{"id":48575,"n":"Lasagnes bolognaise bio HippBio 250g","p":1.79,"u":"7,16 €/KG","img":"https://fd8-photos.leclercdrive.fr/image.ashx?id=2929080&use=l&cat=p&typeid=i","cat":312238},{"id":48589,"n":"Lait bébé poudre Gallia Calisma croissance Dès 12 mois 1,2kg","p":15.35,"u":"12,79 €/KG","img":"https://fd8-photos.leclercdrive.fr/image.ashx?id=2973553&use=l&cat=p&typeid=i","cat":290219},{"id":48591,"n":"Lait bébé Gallia Calisma croissance Dès 12 mois 4x1L","p":9.35,"u":"2,34 €/L","img":"https://fd8-photos.leclercdrive.fr/image.ashx?id=2481249&use=l&cat=p&typeid=i","cat":284728},{"id":48602,"n":"Repas du soir Babybio 12 mois Légumes vert Bio - 400g","p":2.43,"u":"6,08 €/KG","img":"https://fd8-photos.leclercdrive.fr/image.ashx?id=2834524&use=l&cat=p&typeid=i","cat":312239},{"id":48603,"n":"Farine de blé Francine 1,4kg","p":1.67,"u":"1,19 €/KG","img":"https://fd8-photos.leclercdrive.fr/image.ashx?id=2881308&use=l&cat=p&typeid=i","cat":284503},{"id":48604,"n":"Farine fluide Francine 1.4kg","p":1.78,"u":"1,27 €/KG","img":"https://fd8-photos.leclercdrive.fr/image.ashx?id=2881305&use=l&cat=p&typeid=i","cat":284503},{"id":48611,"n":"Plat bébé soir Blédiner 12 mois Pâtes légumes - 2x200g","p":2.29,"u":"5,73 €/KG","img":"https://fd8-photos.leclercdrive.fr/image.ashx?id=2975068&use=l&cat=p&typeid=i","cat":312239},{"id":48615,"n":"Coton Demak'up Duo disque x108","p":1.95,"u":"0,02 €/P","img":"https://fd8-photos.leclercdrive.fr/image.ashx?id=2791461&use=l&cat=p&typeid=i","cat":285593},{"id":48633,"n":"Boisson gourmande PAGO Fraise 75cl","p":2.65,"u":"3,53 €/L","img":"https://fd8-photos.leclercdrive.fr/image.ashx?id=2954007&use=l&cat=p&typeid=i","cat":284915},{"id":48646,"n":"Soda à l'orange Orangina Sans Sucres - 6x33cl","p":3.89,"u":"1,96 €/L","img":"https://fd8-photos.leclercdrive.fr/image.ashx?id=2946931&use=l&cat=p&typeid=i","cat":284532},{"id":48697,"n":"Sachet chat Purina One Sterillcat - 8x85g","p":3.99,"u":"5,87 €/KG","img":"https://fd8-photos.leclercdrive.fr/image.ashx?id=2899695&use=l&cat=p&typeid=i","cat":285286},{"id":48698,"n":"Croquettes chat Purina One Stérilisé/Intérieur-Poulet1.5kg","p":7.67,"u":"5,11 €/KG","img":"https://fd8-photos.leclercdrive.fr/image.ashx?id=2681257&use=l&cat=p&typeid=i","cat":284680},{"id":48704,"n":"Boîte chat Whiskas Gelée du pêcheur - 4x390g","p":4.79,"u":"3,07 €/KG","img":"https://fd8-photos.leclercdrive.fr/image.ashx?id=2759622&use=l&cat=p&typeid=i","cat":285601},{"id":48711,"n":"Friandises chien Fido  Dental Delicious - 130g","p":1.48,"u":"11,38 €/KG","img":"https://fd8-photos.leclercdrive.fr/image.ashx?id=2361614&use=l&cat=p&typeid=i","cat":294527},{"id":48717,"n":"Barquettes chats Gourmet Gold Les mousselines - 24x85g","p":11.29,"u":"5,53 €/KG","img":"https://fd8-photos.leclercdrive.fr/image.ashx?id=2861500&use=l&cat=p&typeid=i","cat":285286},{"id":48721,"n":"Poêlée jardinière D'aucy  580g","p":2.17,"u":"3,74 €/KG","img":"https://fd8-photos.leclercdrive.fr/image.ashx?id=2582816&use=l&cat=p&typeid=i","cat":312612},{"id":48725,"n":"Légumes pour Couscous D'Aucy Orientale - 800g","p":1.79,"u":"2,24 €/KG","img":"https://fd8-photos.leclercdrive.fr/image.ashx?id=2577800&use=l&cat=p&typeid=i","cat":312612},{"id":48734,"n":"Grand duc Ducros Touch'salade Provençale -180g","p":3.46,"u":"19,22 €/KG","img":"https://fd8-photos.leclercdrive.fr/image.ashx?id=1637670&use=l&cat=p&typeid=i","cat":298297},{"id":48744,"n":"Pulpe de  tomate Turini  Nature - 390g","p":1.59,"u":"4,08 €/KG","img":"https://fd8-photos.leclercdrive.fr/image.ashx?id=2181810&use=l&cat=p&typeid=i","cat":288384},{"id":48745,"n":"Chocolat Pâtissier Nestlé Dessert Lait - 170g","p":3.25,"u":"19,12 €/KG","img":"https://fd8-photos.leclercdrive.fr/image.ashx?id=2961242&use=l&cat=p&typeid=i","cat":285562},{"id":48777,"n":"Confiture Confipote allégée en  Sucres - Pot Fraise - 350g","p":1.56,"u":"4,46 €/KG","img":"https://fd8-photos.leclercdrive.fr/image.ashx?id=2388436&use=l&cat=p&typeid=i","cat":284480},{"id":48786,"n":"Chocolat noir Bio Ethiquable  75% Nicaragua - 100g","p":2.82,"u":"28,20 €/KG","img":"https://fd8-photos.leclercdrive.fr/image.ashx?id=2870884&use=l&cat=p&typeid=i","cat":284956},{"id":48803,"n":"Confiture Confipote allégée en  Sucres - Pot Abricot - 350g","p":1.37,"u":"3,91 €/KG","img":"https://fd8-photos.leclercdrive.fr/image.ashx?id=2120959&use=l&cat=p&typeid=i","cat":284480},{"id":48807,"n":"Tartines bio Jardin Bio  Craquantes avoine - 150g","p":1.82,"u":"12,13 €/KG","img":"https://fd8-photos.leclercdrive.fr/image.ashx?id=2849187&use=l&cat=p&typeid=i","cat":318654},{"id":48809,"n":"Tartines bio Jardin Bio Craquantes au sarrasin - 300g","p":4.71,"u":"15,70 €/KG","img":"https://fd8-photos.leclercdrive.fr/image.ashx?id=2535562&use=l&cat=p&typeid=i","cat":284479},{"id":48822,"n":"Friandises chat Catisfactions Saumon - 180g","p":3.19,"u":"17,72 €/KG","img":"https://fd8-photos.leclercdrive.fr/image.ashx?id=2912527&use=l&cat=p&typeid=i","cat":285285},{"id":48823,"n":"Haché Végétal bio Céréal Bio Façon Bolognaise au Soja 250g","p":2.09,"u":"8,36 €/KG","img":"https://fd8-photos.leclercdrive.fr/image.ashx?id=2575090&use=l&cat=p&typeid=i","cat":287600},{"id":48839,"n":"Lait concentré Régilait Non sucré, demi écrémé - 410g","p":1.85,"u":"4,51 €/KG","img":"https://fd8-photos.leclercdrive.fr/image.ashx?id=2405863&use=l&cat=p&typeid=i","cat":299162},{"id":48843,"n":"Préparation gâteau Nestlé Fondant chocolat - 317g","p":4.08,"u":"12,87 €/KG","img":"https://fd8-photos.leclercdrive.fr/image.ashx?id=2848379&use=l&cat=p&typeid=i","cat":284505},{"id":48844,"n":"Préparation gâteau Nestlé Moelleux chocolat - 344g","p":4.05,"u":"11,77 €/KG","img":"https://fd8-photos.leclercdrive.fr/image.ashx?id=2848376&use=l&cat=p&typeid=i","cat":284505},{"id":48846,"n":"Purée tomate bio Jardin Bio 200g","p":0.7,"u":"3,50 €/KG","img":"https://fd8-photos.leclercdrive.fr/image.ashx?id=2535034&use=l&cat=p&typeid=i","cat":288384},{"id":48863,"n":"Quinoa bio Jardin Bio Graines gourmandes - 220g","p":2.72,"u":"12,36 €/KG","img":"https://fd8-photos.leclercdrive.fr/image.ashx?id=2535028&use=l&cat=p&typeid=i","cat":287600},{"id":48870,"n":"Infusion bio Jardin Bio Thym de France x20 - 28g","p":1.88,"u":"67,14 €/KG","img":"https://fd8-photos.leclercdrive.fr/image.ashx?id=2792840&use=l&cat=p&typeid=i","cat":293234},{"id":48875,"n":"Décor pour gateaux Vahiné Spécial anniversaire - x1","p":1.11,"img":"https://fd8-photos.leclercdrive.fr/image.ashx?id=2833345&use=l&cat=p&typeid=i","cat":284504},{"id":48877,"n":"Récré O'lé Mont Blanc - 12x85g Choco/Caramel/Biscuit/Brownie","p":6.02,"u":"5,90 €/KG","img":"https://fd8-photos.leclercdrive.fr/image.ashx?id=3011608&use=l&cat=p&typeid=i","cat":284506},{"id":48879,"n":"Purée de piment Tables du Monde - 100g","p":1.19,"u":"11,90 €/KG","img":"https://fd8-photos.leclercdrive.fr/image.ashx?id=2679744&use=l&cat=p&typeid=i","cat":288992},{"id":48884,"n":"Foie de morue fumé Nautilus Au feu de bois - MSC - 120g","p":1.64,"u":"13,67 €/KG","img":"https://fd8-photos.leclercdrive.fr/image.ashx?id=2853074&use=l&cat=p&typeid=i","cat":305147},{"id":48890,"n":"Pâtes De Cecco  Fusilli n°34 - 500g","p":1.87,"u":"3,74 €/KG","img":"https://fd8-photos.leclercdrive.fr/image.ashx?id=3004441&use=l&cat=p&typeid=i","cat":284427},{"id":48899,"n":"Pâtes De Cecco Orechiette   n°91 - 500g","p":0.99,"u":"1,98 €/KG","img":"https://fd8-photos.leclercdrive.fr/image.ashx?id=2956661&use=l&cat=p&typeid=i","cat":284427},{"id":48900,"n":"Corned beef gelée Dolo 340g","p":2.66,"u":"7,82 €/KG","img":"https://fd8-photos.leclercdrive.fr/image.ashx?id=3008047&use=l&cat=p&typeid=i","cat":305149},{"id":48915,"n":"Sauce Arôme Maggi 1kg","p":6.94,"u":"6,94 €/KG","img":"https://fd8-photos.leclercdrive.fr/image.ashx?id=2785352&use=l&cat=p&typeid=i","cat":288379},{"id":48977,"n":"Sauce brazil Colona Tube - 500ml","p":2.23,"u":"4,05 €/L","img":"https://fd8-photos.leclercdrive.fr/image.ashx?id=2179064&use=l&cat=p&typeid=i","cat":318431},{"id":48993,"n":"Sauce Samouraï Colona Tube - 500ml","p":2.22,"u":"4,44 €/L","img":"https://fd8-photos.leclercdrive.fr/image.ashx?id=2687167&use=l&cat=p&typeid=i","cat":318431},{"id":48994,"n":"Sauce Pitta Kebab Colona Tube - 500ml","p":2.22,"u":"4,44 €/L","img":"https://fd8-photos.leclercdrive.fr/image.ashx?id=2687173&use=l&cat=p&typeid=i","cat":318431},{"id":49018,"n":"Beurre Moulé Paysan Breton Sel de guérande - 80% MG - 250g","p":3.35,"u":"13,40 €/KG","img":"https://fd8-photos.leclercdrive.fr/image.ashx?id=2869035&use=l&cat=p&typeid=i","cat":284379},{"id":49050,"n":"Boisson gazeuse Sprink's Sans alcool - Mojito - 1.5L","p":1.75,"u":"1,17 €/L","img":"https://fd8-photos.leclercdrive.fr/image.ashx?id=2925976&use=l&cat=p&typeid=i","cat":284531},{"id":49070,"n":"Préparation gâteau Nestlé Coeur fondant - 305g","p":5.68,"u":"18,62 €/KG","img":"https://fd8-photos.leclercdrive.fr/image.ashx?id=2848385&use=l&cat=p&typeid=i","cat":284505},{"id":49077,"n":"Biscuit P'tit Deli  Chocolat lait - 150g","p":1.58,"u":"10,53 €/KG","img":"https://fd8-photos.leclercdrive.fr/image.ashx?id=2529605&use=l&cat=p&typeid=i","cat":284488},{"id":49078,"n":"Gaufrette P'tit Déli  Chocolat lait - 125g","p":1.29,"u":"10,32 €/KG","img":"https://fd8-photos.leclercdrive.fr/image.ashx?id=2858839&use=l&cat=p&typeid=i","cat":284490},{"id":49079,"n":"Petites madeleines P'tit Deli  Pépites de chocolat - 400g","p":1.69,"u":"4,23 €/KG","img":"https://fd8-photos.leclercdrive.fr/image.ashx?id=2999511&use=l&cat=p&typeid=i","cat":284492},{"id":49080,"n":"Gâteau fourré fraise P'tit Deli Lapin - 140g","p":1.14,"u":"8,14 €/KG","img":"https://fd8-photos.leclercdrive.fr/image.ashx?id=2671411&use=l&cat=p&typeid=i","cat":284495},{"id":49082,"n":"Gâteau fourré P'tit Deli Tout chocolat, lapin - 140g","p":1.3,"u":"9,29 €/KG","img":"https://fd8-photos.leclercdrive.fr/image.ashx?id=2211200&use=l&cat=p&typeid=i","cat":284495},{"id":49131,"n":"Gin Bombay Sapphire 40° - 70cl","p":22.5,"u":"32,14 €/L","img":"https://fd8-photos.leclercdrive.fr/image.ashx?id=2842879&use=l&cat=p&typeid=i","cat":284550},{"id":49275,"n":"Ravioli bolognaise Panzani Lot familial - 2x800g","p":7.98,"u":"4,99 €/KG","img":"https://fd8-photos.leclercdrive.fr/image.ashx?id=1667368&use=l&cat=p&typeid=i","cat":287600},{"id":49282,"n":"Tablette de chocolat noir Lindt Zeste de citron vert - 100g","p":2.39,"u":"23,90 €/KG","img":"https://fd8-photos.leclercdrive.fr/image.ashx?id=2608160&use=l&cat=p&typeid=i","cat":284956},{"id":49288,"n":"Bols soir bébé bio Babybio Pâtes - 8 mois - 2x200g","p":2.43,"u":"6,08 €/KG","img":"https://fd8-photos.leclercdrive.fr/image.ashx?id=2838344&use=l&cat=p&typeid=i","cat":312239},{"id":49294,"n":"Cotons Démaquillants Demak'Up Original - x105","p":1.36,"u":"0,01 €/P","img":"https://fd8-photos.leclercdrive.fr/image.ashx?id=2745274&use=l&cat=p&typeid=i","cat":284636},{"id":49295,"n":"Cotons Démaquillants Demak'Up Ovale sensitive - x48","p":1.65,"u":"0,03 €/P","img":"https://fd8-photos.leclercdrive.fr/image.ashx?id=2745277&use=l&cat=p&typeid=i","cat":284636},{"id":49296,"n":"Barre Chocolat au Lait Lion x10 barres - 420g","p":4.71,"u":"11,21 €/KG","img":"https://fd8-photos.leclercdrive.fr/image.ashx?id=2736988&use=l&cat=p&typeid=i","cat":284498},{"id":49298,"n":"Biscuits croquant Nutella &Go! Pâte à tartiner x2 packs - 104g","p":2.45,"u":"23,56 €/KG","img":"https://fd8-photos.leclercdrive.fr/image.ashx?id=2737240&use=l&cat=p&typeid=i","cat":284488},{"id":49333,"n":"Déodorant bille Men Expert Carbon Protection 48h - 50ml","p":2.56,"u":"51,20 €/L","img":"https://fd8-photos.leclercdrive.fr/image.ashx?id=2394561&use=l&cat=p&typeid=i","cat":284618},{"id":49401,"n":"Matière grasse Primevere Bio à tartiner - 55% MG - 250g","p":2.65,"u":"10,60 €/KG","img":"https://fd8-photos.leclercdrive.fr/image.ashx?id=2928456&use=l&cat=p&typeid=i","cat":315229},{"id":49550,"n":"Whisky bourbon Jim Beam 40%vol -  70cl","p":19.15,"u":"27,36 €/L","img":"https://fd8-photos.leclercdrive.fr/image.ashx?id=1590431&use=l&cat=p&typeid=i","cat":284547},{"id":49553,"n":"Bière Licorne Black 6%vol - 3x33cl","p":3.52,"u":"3,56 €/L","img":"https://fd8-photos.leclercdrive.fr/image.ashx?id=2853617&use=l&cat=p&typeid=i","cat":334852},{"id":49561,"n":"Gel Douche 5en1 Men Expert Pure carbon - 300ml","p":2.52,"u":"8,40 €/L","img":"https://fd8-photos.leclercdrive.fr/image.ashx?id=1603553&use=l&cat=p&typeid=i","cat":284619},{"id":49567,"n":"Diabolo grenadine Sprink's Bouteille - 1.5L","p":1.69,"u":"1,13 €/L","img":"https://fd8-photos.leclercdrive.fr/image.ashx?id=2901461&use=l&cat=p&typeid=i","cat":284532},{"id":49569,"n":"Boisson énergisante Monster Ultra zéro  - 50cl","p":1.69,"u":"3,38 €/L","img":"https://fd8-photos.leclercdrive.fr/image.ashx?id=2736697&use=l&cat=p&typeid=i","cat":284533},{"id":49575,"n":"Boisson énergisante Monster Energy Mixxd Punch - 50CL","p":1.82,"u":"3,64 €/L","img":"https://fd8-photos.leclercdrive.fr/image.ashx?id=2206172&use=l&cat=p&typeid=i","cat":284533},{"id":49632,"n":"Pain de mie 100% Mie Harrys Nature Longue conservation 325g","p":1.57,"u":"4,83 €/KG","img":"https://fd8-photos.leclercdrive.fr/image.ashx?id=2469647&use=l&cat=p&typeid=i","cat":284477},{"id":49636,"n":"Biscuits Baiocchi Mulino Bianco Chocolat noisette Snack - 336g","p":2.89,"u":"8,60 €/KG","img":"https://fd8-photos.leclercdrive.fr/image.ashx?id=2787962&use=l&cat=p&typeid=i","cat":284488},{"id":49649,"n":"Sauce Tomate Cuisinée Heinz Ail & Oignon x2 - 210g","p":1.52,"u":"3,62 €/KG","img":"https://fd8-photos.leclercdrive.fr/image.ashx?id=2926990&use=l&cat=p&typeid=i","cat":288384},{"id":49653,"n":"Chapelure dorée Tipiak 250g","p":0.77,"u":"3,08 €/KG","img":"https://fd8-photos.leclercdrive.fr/image.ashx?id=2563490&use=l&cat=p&typeid=i","cat":288382},{"id":49656,"n":"Sauce burger Amora 448g","p":1.94,"u":"4,33 €/KG","img":"https://fd8-photos.leclercdrive.fr/image.ashx?id=3014656&use=l&cat=p&typeid=i","cat":318431},{"id":49657,"n":"Huile de noisette Cauvin 25cl","p":2.51,"u":"10,04 €/L","img":"https://fd8-photos.leclercdrive.fr/image.ashx?id=2484221&use=l&cat=p&typeid=i","cat":284453},{"id":49664,"n":"Farine complète Francine Boîte - 1kg","p":2.03,"u":"2,03 €/KG","img":"https://fd8-photos.leclercdrive.fr/image.ashx?id=2018898&use=l&cat=p&typeid=i","cat":284503},{"id":49667,"n":"Sauceline Maïzena 250g","p":1.45,"u":"5,80 €/KG","img":"https://fd8-photos.leclercdrive.fr/image.ashx?id=2915673&use=l&cat=p&typeid=i","cat":288382},{"id":49677,"n":"Mousse fromage blanc Délisse Lit de fruits 0%MG - 4x115g","p":1.83,"u":"3,98 €/KG","img":"https://fd8-photos.leclercdrive.fr/image.ashx?id=2991130&use=l&cat=p&typeid=i","cat":284409},{"id":49681,"n":"Yaourt La Laitière Nature - 4x125g","p":1.89,"u":"3,78 €/KG","img":"https://fd8-photos.leclercdrive.fr/image.ashx?id=3007978&use=l&cat=p&typeid=i","cat":284409},{"id":49682,"n":"Yaourt La Laitière Vanille - 4x125g","p":1.99,"u":"3,98 €/KG","img":"https://fd8-photos.leclercdrive.fr/image.ashx?id=2650393&use=l&cat=p&typeid=i","cat":286006},{"id":49684,"n":"Yaourts La Laitière Nature - 8x125g","p":2.95,"u":"23,60 €/KG","img":"https://fd8-photos.leclercdrive.fr/image.ashx?id=2679509&use=l&cat=p&typeid=i","cat":284409},{"id":49690,"n":"Ampoules LED Osram 5.3W E14 - x3","p":7.9,"u":"Dont 0,36 € d'éco-part.","img":"https://fd8-photos.leclercdrive.fr/image.ashx?id=2653957&use=l&cat=p&typeid=i","cat":300573},{"id":49700,"n":"Matin Léger Bio de Lactel Sans lactose 1.2%mg - 6x1L","p":13.5,"u":"2,25 €/L","img":"https://fd8-photos.leclercdrive.fr/image.ashx?id=2883552&use=l&cat=p&typeid=i","cat":317169},{"id":49704,"n":"Yaourts fruits Savoie Yaourt Fruits de saisons - 6x125g","p":2.69,"u":"3,59 €/KG","img":"https://fd8-photos.leclercdrive.fr/image.ashx?id=2504743&use=l&cat=p&typeid=i","cat":284410},{"id":49800,"n":"Chorizo doux César Moroni   200g","p":2.95,"u":"14,75 €/KG","img":"https://fd8-photos.leclercdrive.fr/image.ashx?id=2854420&use=l&cat=p&typeid=i","cat":316006},{"id":49803,"n":"Chorizo fort César Moroni   200g","p":2.95,"u":"14,75 €/KG","img":"https://fd8-photos.leclercdrive.fr/image.ashx?id=2947841&use=l&cat=p&typeid=i","cat":316006},{"id":49805,"n":"Cocktail Piña colada Caraibos Sans alcool - 75cl","p":2.45,"u":"3,27 €/L","img":"https://fd8-photos.leclercdrive.fr/image.ashx?id=3011299&use=l&cat=p&typeid=i","cat":284549},{"id":49825,"n":"Croco Pik Haribo  Sachet bonbons acidulés - 275g","p":1.99,"u":"7,24 €/KG","img":"https://fd8-photos.leclercdrive.fr/image.ashx?id=2802350&use=l&cat=p&typeid=i","cat":304250},{"id":49828,"n":"Happy Life Haribo Sachet bonbons - 275g","p":1.69,"u":"6,15 €/KG","img":"https://fd8-photos.leclercdrive.fr/image.ashx?id=2803577&use=l&cat=p&typeid=i","cat":304250},{"id":49832,"n":"Dragibus Pik Haribo Sachet bonbons - 230g","p":2.44,"u":"10,61 €/KG","img":"https://fd8-photos.leclercdrive.fr/image.ashx?id=2984907&use=l&cat=p&typeid=i","cat":304250},{"id":49834,"n":"Bonbons LUTTI BestFizz Assortiment Piquant - 550g","p":4.09,"u":"7,44 €/KG","img":"https://fd8-photos.leclercdrive.fr/image.ashx?id=2815022&use=l&cat=p&typeid=i","cat":304250},{"id":49845,"n":"Jus multifruits Jafaden Brique, ABC - 2L","p":2.65,"u":"1,33 €/L","img":"https://fd8-photos.leclercdrive.fr/image.ashx?id=2759220&use=l&cat=p&typeid=i","cat":284917},{"id":49851,"n":"Limonade Sprink's 1.5L","p":0.95,"u":"0,63 €/L","img":"https://fd8-photos.leclercdrive.fr/image.ashx?id=2913721&use=l&cat=p&typeid=i","cat":284531},{"id":49852,"n":"Speck alto adige IGP Tradizioni d'Italia - 70g","p":1.95,"u":"27,86 €/KG","img":"https://fd8-photos.leclercdrive.fr/image.ashx?id=2925225&use=l&cat=p&typeid=i","cat":316007},{"id":49857,"n":"Mortadella bologna IGP Tradizioni d'Italia - 150g","p":2.59,"u":"17,27 €/KG","img":"https://fd8-photos.leclercdrive.fr/image.ashx?id=2925222&use=l&cat=p&typeid=i","cat":316009},{"id":49863,"n":"Pizza feu de bois  Turini  Saumon  - 420g","p":2.45,"u":"5,83 €/KG","img":"https://fd8-photos.leclercdrive.fr/image.ashx?id=2816579&use=l&cat=p&typeid=i","cat":284256},{"id":49865,"n":"Steak haché Authentique Charal Pur Bœuf 10% MG  8x125g - 1kg","p":16.06,"u":"16,06 €/KG","img":"https://fd8-photos.leclercdrive.fr/image.ashx?id=2741955&use=l&cat=p&typeid=i","cat":319778},{"id":49870,"n":"Protection Absorbante Tena Men  Médium - x10","p":4.85,"u":"0,49 €/P","img":"https://fd8-photos.leclercdrive.fr/image.ashx?id=2428573&use=l&cat=p&typeid=i","cat":291514},{"id":49872,"n":"Tampons Tampax Compak Pearl Super - x18","p":2.94,"u":"0,16 €/P","img":"https://fd8-photos.leclercdrive.fr/image.ashx?id=2956616&use=l&cat=p&typeid=i","cat":284626},{"id":49880,"n":"Boisson concentrée Frucci Menthe avec édulcorants - 75cl","p":2.39,"u":"3,19 €/L","img":"https://fd8-photos.leclercdrive.fr/image.ashx?id=2909903&use=l&cat=p&typeid=i","cat":295020},{"id":49881,"n":"Sirop Frucci Zero Grenadine avec edulcorants-75cl","p":2.49,"u":"3,32 €/L","img":"https://fd8-photos.leclercdrive.fr/image.ashx?id=2956110&use=l&cat=p&typeid=i","cat":295020},{"id":49882,"n":"Sirop Frucci Zero Pêche avec édulcorants - 75cl","p":2.35,"u":"3,13 €/L","img":"https://fd8-photos.leclercdrive.fr/image.ashx?id=2954100&use=l&cat=p&typeid=i","cat":295020},{"id":49883,"n":"Soda tonic Sprink's 1.5L","p":1.05,"u":"0,70 €/L","img":"https://fd8-photos.leclercdrive.fr/image.ashx?id=2913739&use=l&cat=p&typeid=i","cat":284531},{"id":49903,"n":"Bresaola Della Valtellina IGP Tradizioni d'Italia - 70g","p":3.13,"u":"44,71 €/KG","img":"https://fd8-photos.leclercdrive.fr/image.ashx?id=2925228&use=l&cat=p&typeid=i","cat":316007},{"id":49930,"n":"Yaourt douceur Le Petit Basque Brebis nature - 4x100g","p":2.89,"u":"7,23 €/KG","img":"https://fd8-photos.leclercdrive.fr/image.ashx?id=2248084&use=l&cat=p&typeid=i","cat":314998},{"id":49932,"n":"Fromage Pavé d'Affinois Original - 180g","p":2.65,"u":"14,72 €/KG","img":"https://fd8-photos.leclercdrive.fr/image.ashx?id=2644070&use=l&cat=p&typeid=i","cat":314030},{"id":49954,"n":"Limonade Sprink's 6x50cl","p":4.92,"u":"1,64 €/L","img":"https://fd8-photos.leclercdrive.fr/image.ashx?id=2956741&use=l&cat=p&typeid=i","cat":284531},{"id":49955,"n":"Soda 7UP Citron/citron vert zéro - 1.5L","p":1.14,"u":"0,76 €/L","img":"https://fd8-photos.leclercdrive.fr/image.ashx?id=2752462&use=l&cat=p&typeid=i","cat":284531},{"id":49956,"n":"Soda à l'orange Orangina Sans Sucres - 1,5L","p":1.84,"u":"1,23 €/L","img":"https://fd8-photos.leclercdrive.fr/image.ashx?id=2946496&use=l&cat=p&typeid=i","cat":284532},{"id":49979,"n":"Soupe liquide Liebig  Potiron Chataîgne - Brique 1L","p":2.65,"u":"2,65 €/L","img":"https://fd8-photos.leclercdrive.fr/image.ashx?id=2785358&use=l&cat=p&typeid=i","cat":284462},{"id":49980,"n":"Soupe liquide Liebig  Légumes poêlés - Brique 1L","p":3.55,"u":"3,55 €/L","img":"https://fd8-photos.leclercdrive.fr/image.ashx?id=2729941&use=l&cat=p&typeid=i","cat":284462},{"id":49981,"n":"Velouté Liebig Légumes du soleil - 1L","p":3.09,"u":"3,09 €/L","img":"https://fd8-photos.leclercdrive.fr/image.ashx?id=2750991&use=l&cat=p&typeid=i","cat":284462},{"id":49990,"n":"Tortillas fraiches 20cm x8 - 320g","p":1.37,"u":"4,28 €/KG","img":"https://fd8-photos.leclercdrive.fr/image.ashx?id=1553401&use=l&cat=p&typeid=i","cat":288993},{"id":49991,"n":"Tortillas wrap Poco Loco  25cmx6 - 370g","p":2.48,"u":"6,70 €/KG","img":"https://fd8-photos.leclercdrive.fr/image.ashx?id=2672542&use=l&cat=p&typeid=i","cat":288993},{"id":50002,"n":"Sauce soja Kikkoman  150ml","p":3.27,"u":"21,80 €/L","img":"https://fd8-photos.leclercdrive.fr/image.ashx?id=2536284&use=l&cat=p&typeid=i","cat":288992},{"id":50004,"n":"Kit Crousti Fajitas Old El Paso extra doux - 521g","p":4.89,"u":"9,39 €/KG","img":"https://fd8-photos.leclercdrive.fr/image.ashx?id=2765402&use=l&cat=p&typeid=i","cat":288993},{"id":50017,"n":"Confit de tomates séchées  Les Tartinables Florelli 190g","p":1.85,"u":"9,74 €/KG","img":"https://fd8-photos.leclercdrive.fr/image.ashx?id=3011671&use=l&cat=p&typeid=i","cat":289010},{"id":50018,"n":"Légumes grillés Florelli 280g","p":3.24,"u":"11,57 €/KG","img":"https://fd8-photos.leclercdrive.fr/image.ashx?id=2664199&use=l&cat=p&typeid=i","cat":289010},{"id":50052,"n":"Lait bébé en poudre Galliagest croissance Dès 12 mois 900g","p":13.75,"u":"15,28 €/KG","img":"https://fd8-photos.leclercdrive.fr/image.ashx?id=2616844&use=l&cat=p&typeid=i","cat":290219},{"id":50053,"n":"Eau gazeuse minérale Salvetat pauvre en sodium - 6x50cl","p":2.99,"u":"1,00 €/L","img":"https://fd8-photos.leclercdrive.fr/image.ashx?id=2533469&use=l&cat=p&typeid=i","cat":284536},{"id":50058,"n":"Bloc correspondanc uni Esquisse 21x29cm - A4 - x50 feuilles","p":1.99,"img":"https://fd8-photos.leclercdrive.fr/image.ashx?id=1928746&use=l&cat=p&typeid=i","cat":284697},{"id":50064,"n":"Jambon serrano Espuna Tranches super fines - 120g","p":3.18,"u":"26,50 €/KG","img":"https://fd8-photos.leclercdrive.fr/image.ashx?id=2881524&use=l&cat=p&typeid=i","cat":316007},{"id":50082,"n":"Dessert fruits mixés Sojasun Myrtilles - 4x100g","p":1.75,"u":"4,38 €/KG","img":"https://fd8-photos.leclercdrive.fr/image.ashx?id=2355680&use=l&cat=p&typeid=i","cat":316071},{"id":50085,"n":"Ampoule spot Foxter LED GU10 3-35W blanc chaud x1","p":3.99,"u":"Dont 0,12 € d'éco-part.","img":"https://fd8-photos.leclercdrive.fr/image.ashx?id=1505670&use=l&cat=p&typeid=i","cat":300573},{"id":50091,"n":"Lait de coco Kara - brique 200ml","p":1.15,"u":"5,75 €/L","img":"https://fd8-photos.leclercdrive.fr/image.ashx?id=2906895&use=l&cat=p&typeid=i","cat":288992},{"id":50102,"n":"Sauce pâte olive Sacla'Italia 190g","p":2.44,"u":"12,84 €/KG","img":"https://fd8-photos.leclercdrive.fr/image.ashx?id=2160222&use=l&cat=p&typeid=i","cat":287599},{"id":50106,"n":"Nems au Porc Tables du Monde x4 - 280g","p":1.76,"u":"6,29 €/KG","img":"https://fd8-photos.leclercdrive.fr/image.ashx?id=1760305&use=l&cat=p&typeid=i","cat":333673},{"id":50123,"n":"Vinaigrette Puget  Ciboulette/échalotes - 33cl","p":1.69,"u":"5,12 €/L","img":"https://fd8-photos.leclercdrive.fr/image.ashx?id=2912146&use=l&cat=p&typeid=i","cat":284456},{"id":50126,"n":"Compotes Andros  Pomme/châtaigne - 785g","p":4.22,"u":"5,38 €/KG","img":"https://fd8-photos.leclercdrive.fr/image.ashx?id=2396381&use=l&cat=p&typeid=i","cat":284508},{"id":50131,"n":"Compotes Pom'Potes Gourdes  Multivariétés - 20x90g","p":7.45,"u":"4,14 €/KG","img":"https://fd8-photos.leclercdrive.fr/image.ashx?id=3010930&use=l&cat=p&typeid=i","cat":284508},{"id":50132,"n":"Compotes Pom'Potes Gourdes  Multivariétés Inédits - 12x90g","p":5.49,"u":"5,08 €/KG","img":"https://fd8-photos.leclercdrive.fr/image.ashx?id=2870170&use=l&cat=p&typeid=i","cat":284508},{"id":50133,"n":"Dessert fruitier Andros Pomme, morceaux- 695g","p":2.07,"u":"2,98 €/KG","img":"https://fd8-photos.leclercdrive.fr/image.ashx?id=2397770&use=l&cat=p&typeid=i","cat":284508},{"id":50134,"n":"Poudre anti-calcaire Calgon 4 en 1 - 60 doses","p":13.18,"u":"8,79 €/KG","img":"https://fd8-photos.leclercdrive.fr/image.ashx?id=2954199&use=l&cat=p&typeid=i","cat":284653},{"id":50211,"n":"Pain Bruschetta La Boulangère 400g","p":2.99,"u":"7,48 €/KG","img":"https://fd8-photos.leclercdrive.fr/image.ashx?id=2912404&use=l&cat=p&typeid=i","cat":284985},{"id":50215,"n":"Huile sublime  Vitanove Cheveux sec - 150ml","p":2.99,"u":"19,93 €/L","img":"https://fd8-photos.leclercdrive.fr/image.ashx?id=2209720&use=l&cat=p&typeid=i","cat":284608},{"id":50216,"n":"Pains wraps La Boulangère x6 - 370g","p":3.05,"u":"8,24 €/KG","img":"https://fd8-photos.leclercdrive.fr/image.ashx?id=2900956&use=l&cat=p&typeid=i","cat":284985},{"id":50220,"n":"Biscuits Duo Mini BN  190g","p":1.99,"u":"10,47 €/KG","img":"https://fd8-photos.leclercdrive.fr/image.ashx?id=2219606&use=l&cat=p&typeid=i","cat":284488},{"id":50224,"n":"Cookies Milka Pépites de chocolat - 168g","p":1.89,"u":"11,25 €/KG","img":"https://fd8-photos.leclercdrive.fr/image.ashx?id=3002285&use=l&cat=p&typeid=i","cat":325066},{"id":50225,"n":"Biscuits Choco suprême Milka Chocolat - 180g","p":2.83,"u":"15,72 €/KG","img":"https://fd8-photos.leclercdrive.fr/image.ashx?id=2990991&use=l&cat=p&typeid=i","cat":284488},{"id":50226,"n":"Biscuits sablés Granola Chocolat au lait - 3x200g","p":4.29,"u":"7,15 €/KG","img":"https://fd8-photos.leclercdrive.fr/image.ashx?id=3009125&use=l&cat=p&typeid=i","cat":284488},{"id":50227,"n":"Biscuits Granola Chocolat au lait - 200g","p":1.46,"u":"7,30 €/KG","img":"https://fd8-photos.leclercdrive.fr/image.ashx?id=2324282&use=l&cat=p&typeid=i","cat":284488},{"id":50231,"n":"Biscuit Dinosaurus Lotus Chocolat au lait - 225g","p":2.45,"u":"10,89 €/KG","img":"https://fd8-photos.leclercdrive.fr/image.ashx?id=2859815&use=l&cat=p&typeid=i","cat":284488},{"id":50235,"n":"Cookies Bonne Maman  Chocolat noisette - 225g","p":2.99,"u":"13,29 €/KG","img":"https://fd8-photos.leclercdrive.fr/image.ashx?id=2936164&use=l&cat=p&typeid=i","cat":325066},{"id":50253,"n":"Soda Sprink's Lemon - 1.5L","p":1.45,"u":"0,97 €/L","img":"https://fd8-photos.leclercdrive.fr/image.ashx?id=2956738&use=l&cat=p&typeid=i","cat":284532},{"id":50255,"n":"Soda Sprink's Citron - 1.5L","p":1.09,"u":"0,73 €/L","img":"https://fd8-photos.leclercdrive.fr/image.ashx?id=2974807&use=l&cat=p&typeid=i","cat":284532},{"id":50256,"n":"Soda Sprink's Lemon Lime - 1.5L","p":0.99,"u":"0,66 €/L","img":"https://fd8-photos.leclercdrive.fr/image.ashx?id=2913736&use=l&cat=p&typeid=i","cat":284532},{"id":50310,"n":"Whisky Bushmills Black 40% vol - 70cl","p":20.18,"u":"28,83 €/L","img":"https://fd8-photos.leclercdrive.fr/image.ashx?id=2484452&use=l&cat=p&typeid=i","cat":284547},{"id":50348,"n":"Lames Wilkinson Hydro 5 Céramide - x4","p":9.33,"u":"2,33 €/P","img":"https://fd8-photos.leclercdrive.fr/image.ashx?id=1901452&use=l&cat=p&typeid=i","cat":284616},{"id":50365,"n":"Moelleux Pépites Choco GERBLE  sans sucre - 196g","p":2.99,"u":"15,26 €/KG","img":"https://fd8-photos.leclercdrive.fr/image.ashx?id=2812705&use=l&cat=p&typeid=i","cat":318653},{"id":50406,"n":"Chips allumettes Marca Guia  300g","p":1.99,"u":"6,63 €/KG","img":"https://fd8-photos.leclercdrive.fr/image.ashx?id=2948465&use=l&cat=p&typeid=i","cat":289009},{"id":50415,"n":"Pâtes Pevides Turini 250g","p":0.58,"u":"2,32 €/KG","img":"https://fd8-photos.leclercdrive.fr/image.ashx?id=2578508&use=l&cat=p&typeid=i","cat":289009},{"id":50418,"n":"Moutarde Rustica Marca Guia Typique Portugal - 250g","p":1.05,"u":"4,20 €/KG","img":"https://fd8-photos.leclercdrive.fr/image.ashx?id=2304906&use=l&cat=p&typeid=i","cat":289009},{"id":50432,"n":"Pain Campagnard GERBLE  Sans gluten - 350g","p":3.85,"u":"11,00 €/KG","img":"https://fd8-photos.leclercdrive.fr/image.ashx?id=2662829&use=l&cat=p&typeid=i","cat":325069},{"id":50434,"n":"Saucisses Marca Guia  Type portugaises - 350g","p":1.1,"u":"3,14 €/KG","img":"https://fd8-photos.leclercdrive.fr/image.ashx?id=981002&use=l&cat=p&typeid=i","cat":289009},{"id":50458,"n":"Fromage Roucoulons Fromagerie Milleret- 220g","p":3.15,"u":"14,32 €/KG","img":"https://fd8-photos.leclercdrive.fr/image.ashx?id=2450922&use=l&cat=p&typeid=i","cat":329558},{"id":50459,"n":"Fromage à Tartiner St Môret  Nature - 150g","p":2.05,"u":"13,67 €/KG","img":"https://fd8-photos.leclercdrive.fr/image.ashx?id=2755468&use=l&cat=p&typeid=i","cat":314029},{"id":50485,"n":"Sirop Frucci Sans sucres - 75cl","p":2.39,"u":"3,19 €/L","img":"https://fd8-photos.leclercdrive.fr/image.ashx?id=2956735&use=l&cat=p&typeid=i","cat":295020},{"id":50491,"n":"Bière blanche Hoegaarden 4,9% - 6x25cl","p":4.65,"u":"3,10 €/L","img":"https://fd8-photos.leclercdrive.fr/image.ashx?id=2963922&use=l&cat=p&typeid=i","cat":334878},{"id":50524,"n":"Crème soin Nivea visage Sensitive soin de jour - 50ml","p":3.9,"u":"78,00 €/L","img":"https://fd8-photos.leclercdrive.fr/image.ashx?id=2221581&use=l&cat=p&typeid=i","cat":325345},{"id":50548,"n":"Lait de croissance Lactel Nature - 6x1L","p":9.44,"u":"1,57 €/L","img":"https://fd8-photos.leclercdrive.fr/image.ashx?id=2927438&use=l&cat=p&typeid=i","cat":284728},{"id":50568,"n":"Eau aromatisée Cristaline Jus de pêche - 1.5L","p":1.21,"u":"0,81 €/L","img":"https://fd8-photos.leclercdrive.fr/image.ashx?id=2344615&use=l&cat=p&typeid=i","cat":284537},{"id":50569,"n":"Boisson aromatisée Cristaline Jus de fruits tropical - 1.5L","p":1.17,"u":"0,78 €/L","img":"https://fd8-photos.leclercdrive.fr/image.ashx?id=2344618&use=l&cat=p&typeid=i","cat":284537},{"id":50570,"n":"Eau aromatisée Cristaline Fraise - 1.5L","p":1.23,"u":"0,82 €/L","img":"https://fd8-photos.leclercdrive.fr/image.ashx?id=2417255&use=l&cat=p&typeid=i","cat":284537},{"id":50585,"n":"Haricots verts d'aucy  Extra-fins - 440g","p":1.89,"u":"4,30 €/KG","img":"https://fd8-photos.leclercdrive.fr/image.ashx?id=2527370&use=l&cat=p&typeid=i","cat":312606},{"id":50590,"n":"Lentilles préparées D'aucy  530g","p":1.69,"u":"3,19 €/KG","img":"https://fd8-photos.leclercdrive.fr/image.ashx?id=2560597&use=l&cat=p&typeid=i","cat":312609},{"id":50592,"n":"Pois chiches Sultanines 265g","p":1.05,"u":"3,96 €/KG","img":"https://fd8-photos.leclercdrive.fr/image.ashx?id=1920223&use=l&cat=p&typeid=i","cat":312609},{"id":50593,"n":"Eau de source Cristaline 6x1L","p":1.08,"u":"0,18 €/L","img":"https://fd8-photos.leclercdrive.fr/image.ashx?id=2650510&use=l&cat=p&typeid=i","cat":284535},{"id":50599,"n":"Crème soyeuse Bio Lait d'anesse So'Bio Etic - 50 ml","p":8.15,"u":"163,00 €/L","img":"https://fd8-photos.leclercdrive.fr/image.ashx?id=2906463&use=l&cat=p&typeid=i","cat":325345},{"id":50600,"n":"Crème onctueuse lait d'anesse Bio - So'Bio Etic - 50 ml","p":8.15,"u":"163,00 €/L","img":"https://fd8-photos.leclercdrive.fr/image.ashx?id=2909062&use=l&cat=p&typeid=i","cat":325345},{"id":50626,"n":"AOC Saint-Émilion vin rouge Chantet Blanet - 37,5cl","p":4.79,"u":"12,77 €/L","img":"https://fd8-photos.leclercdrive.fr/image.ashx?id=2805981&use=l&cat=p&typeid=i","cat":289556},{"id":50640,"n":"IGP Méditerranée vin rosé Terres Ocrées 12.5% vol BIB 5L","p":12.99,"u":"2,60 €/L","img":"https://fd8-photos.leclercdrive.fr/image.ashx?id=2883318&use=l&cat=p&typeid=i","cat":289560},{"id":50662,"n":"Chocolat en poudre Nesquik Extra Choco - 600g","p":5.59,"u":"9,32 €/KG","img":"https://fd8-photos.leclercdrive.fr/image.ashx?id=3004438&use=l&cat=p&typeid=i","cat":293235},{"id":50672,"n":"Biscuits à la cuillère x30 Bonne Maman - 250g","p":5.25,"u":"21,00 €/KG","img":"https://fd8-photos.leclercdrive.fr/image.ashx?id=2936152&use=l&cat=p&typeid=i","cat":284487},{"id":50673,"n":"Financier amandes Bonne Maman 250g","p":3.69,"u":"14,76 €/KG","img":"https://fd8-photos.leclercdrive.fr/image.ashx?id=2936176&use=l&cat=p&typeid=i","cat":284492},{"id":50674,"n":"Quatre quarts Bonne Maman 500g","p":3.15,"u":"6,30 €/KG","img":"https://fd8-photos.leclercdrive.fr/image.ashx?id=2936158&use=l&cat=p&typeid=i","cat":294776},{"id":50676,"n":"Madeleine coquille St Michel  Oeuf plein air x24 - 600g","p":2.89,"u":"4,82 €/KG","img":"https://fd8-photos.leclercdrive.fr/image.ashx?id=2936197&use=l&cat=p&typeid=i","cat":284492},{"id":50678,"n":"IGP Vinaigre balsamique Modène Maille - 75cl","p":4.99,"u":"6,65 €/L","img":"https://fd8-photos.leclercdrive.fr/image.ashx?id=2805666&use=l&cat=p&typeid=i","cat":298543},{"id":50680,"n":"Barre Chocolatée KINDER Country  Céréales chocolat x15 - 352,5g","p":4.85,"u":"13,78 €/KG","img":"https://fd8-photos.leclercdrive.fr/image.ashx?id=2231903&use=l&cat=p&typeid=i","cat":284498},{"id":50682,"n":"Gâteau Ker Cadélac Le Moelleux Original - 500g","p":2.75,"u":"5,50 €/KG","img":"https://fd8-photos.leclercdrive.fr/image.ashx?id=2955797&use=l&cat=p&typeid=i","cat":294776},{"id":50684,"n":"Madeleine Ker Cadélac  Pépites chocolat x24 - 600g","p":4.38,"u":"7,30 €/KG","img":"https://fd8-photos.leclercdrive.fr/image.ashx?id=2507991&use=l&cat=p&typeid=i","cat":284492},{"id":50686,"n":"Compotes Pom'Potes Gourdes  Multivariétés Inédits - 12x90g","p":5.99,"u":"5,55 €/KG","img":"https://fd8-photos.leclercdrive.fr/image.ashx?id=2864303&use=l&cat=p&typeid=i","cat":284508},{"id":50687,"n":"Compotes Pom'Potes Gourdes  Multivariétés Inédits - 12x90g","p":6.0,"u":"5,56 €/KG","img":"https://fd8-photos.leclercdrive.fr/image.ashx?id=3010924&use=l&cat=p&typeid=i","cat":284508},{"id":50688,"n":"Pains au chocolat Pasquier  x16 - 720g","p":4.5,"u":"6,25 €/KG","img":"https://fd8-photos.leclercdrive.fr/image.ashx?id=2686837&use=l&cat=p&typeid=i","cat":296366},{"id":50689,"n":"Croissants Pasquier x8 - 320g","p":1.99,"u":"6,22 €/KG","img":"https://fd8-photos.leclercdrive.fr/image.ashx?id=2853053&use=l&cat=p&typeid=i","cat":296366},{"id":50690,"n":"Brioche tressée Pasquier Tranchée nature - 500g","p":2.65,"u":"5,30 €/KG","img":"https://fd8-photos.leclercdrive.fr/image.ashx?id=2978706&use=l&cat=p&typeid=i","cat":284478},{"id":50703,"n":"Mini canapés nature Jacquet - 255g","p":1.37,"u":"5,37 €/KG","img":"https://fd8-photos.leclercdrive.fr/image.ashx?id=2894794&use=l&cat=p&typeid=i","cat":285454},{"id":50705,"n":"Toasts ronds nature Jacquet - 250g","p":1.39,"u":"5,56 €/KG","img":"https://fd8-photos.leclercdrive.fr/image.ashx?id=2979602&use=l&cat=p&typeid=i","cat":285454},{"id":50706,"n":"Toasts foie gras ronds Jacquet - 250g","p":1.38,"u":"5,52 €/KG","img":"https://fd8-photos.leclercdrive.fr/image.ashx?id=2979599&use=l&cat=p&typeid=i","cat":285454},{"id":50712,"n":"Biscuits Choco Pause Milka Chocolat au lait - 260g","p":2.14,"u":"8,23 €/KG","img":"https://fd8-photos.leclercdrive.fr/image.ashx?id=2192572&use=l&cat=p&typeid=i","cat":284488},{"id":50713,"n":"Biscuits Oreo Vanille / chocolat blanc - 246g","p":2.95,"u":"11,99 €/KG","img":"https://fd8-photos.leclercdrive.fr/image.ashx?id=2989447&use=l&cat=p&typeid=i","cat":284488},{"id":50715,"n":"Biscottes Gourmande Pelletier Goût brioché - 260g","p":2.39,"u":"9,19 €/KG","img":"https://fd8-photos.leclercdrive.fr/image.ashx?id=2961825&use=l&cat=p&typeid=i","cat":284479},{"id":50734,"n":"Soda Sprink's Orange - 1.5L","p":0.92,"u":"0,61 €/L","img":"https://fd8-photos.leclercdrive.fr/image.ashx?id=2925979&use=l&cat=p&typeid=i","cat":284532},{"id":50736,"n":"Blancs de poulet Eco+ 4 tranches - 180g","p":1.31,"u":"7,28 €/KG","img":"https://fd8-photos.leclercdrive.fr/image.ashx?id=2683634&use=l&cat=p&typeid=i","cat":316010},{"id":50759,"n":"Biscuit croquant Bonne Maman  Noix de coco - 150g","p":1.65,"u":"11,00 €/KG","img":"https://fd8-photos.leclercdrive.fr/image.ashx?id=2936188&use=l&cat=p&typeid=i","cat":284487},{"id":50760,"n":"Sablés Bonne Maman  Tout Chocolat - 150g","p":1.39,"u":"9,27 €/KG","img":"https://fd8-photos.leclercdrive.fr/image.ashx?id=2923687&use=l&cat=p&typeid=i","cat":325066},{"id":50770,"n":"Pâtes serpentin Turini  Cuisson rapide - 500g","p":1.16,"u":"2,32 €/KG","img":"https://fd8-photos.leclercdrive.fr/image.ashx?id=2607560&use=l&cat=p&typeid=i","cat":284427},{"id":50779,"n":"Saucisse de Strasbourg Eco+ x10 - 350g","p":1.19,"u":"3,40 €/KG","img":"https://fd8-photos.leclercdrive.fr/image.ashx?id=2794856&use=l&cat=p&typeid=i","cat":316012},{"id":50780,"n":"Saucisse de Cocktail Eco+ 400g","p":2.49,"u":"6,23 €/KG","img":"https://fd8-photos.leclercdrive.fr/image.ashx?id=2651813&use=l&cat=p&typeid=i","cat":284450},{"id":50802,"n":"Huile d'olive Tramier Vierge extra - 75cl","p":8.45,"u":"11,27 €/L","img":"https://fd8-photos.leclercdrive.fr/image.ashx?id=2769807&use=l&cat=p&typeid=i","cat":284453},{"id":50810,"n":"Sauce Tomates Barilla Arrabbiata - 400g","p":1.95,"u":"4,88 €/KG","img":"https://fd8-photos.leclercdrive.fr/image.ashx?id=2832509&use=l&cat=p&typeid=i","cat":287599},{"id":50843,"n":"Pastis Ricard Anisé 45% vol - 2L","p":39.55,"u":"19,78 €/L","img":"https://fd8-photos.leclercdrive.fr/image.ashx?id=2919271&use=l&cat=p&typeid=i","cat":284548},{"id":50903,"n":"Rana Feuilles de lasagnes Fraîches - 250g","p":2.69,"u":"10,76 €/KG","img":"https://fd8-photos.leclercdrive.fr/image.ashx?id=2529144&use=l&cat=p&typeid=i","cat":333682},{"id":50906,"n":"Cubes allume-feu Eco+ x32","p":1.4,"u":"0,04 €/P","img":"https://fd8-photos.leclercdrive.fr/image.ashx?id=2645125&use=l&cat=p&typeid=i","cat":300578},{"id":50908,"n":"Gélule bien-être foie Juvamine Artichaut/Radis noir - x50","p":3.29,"img":"https://fd8-photos.leclercdrive.fr/image.ashx?id=2785850&use=l&cat=p&typeid=i","cat":313217},{"id":50915,"n":"Gnocchi à poêler Lustucru Fromage - 300g","p":1.85,"u":"6,17 €/KG","img":"https://fd8-photos.leclercdrive.fr/image.ashx?id=3014482&use=l&cat=p&typeid=i","cat":333682},{"id":50920,"n":"Poêlée savoyarde Fleury Michon 280g","p":4.39,"u":"15,68 €/KG","img":"https://fd8-photos.leclercdrive.fr/image.ashx?id=3003296&use=l&cat=p&typeid=i","cat":333665},{"id":50969,"n":"Calendrier de l'Avent Kinder Neige - 184g","p":10.19,"u":"55,38 €/KG","img":"https://fd8-photos.leclercdrive.fr/image.ashx?id=1984783&use=l&cat=p&typeid=i","cat":336112},{"id":50970,"n":"Plat bébé bio Good Goût bio Ratatouille - Dès 6 mois - 190g","p":3.06,"u":"16,11 €/KG","img":"https://fd8-photos.leclercdrive.fr/image.ashx?id=2579071&use=l&cat=p&typeid=i","cat":312235},{"id":50984,"n":"Soda zéro Sprink's Agrumes - 1,5L","p":0.76,"u":"0,51 €/L","img":"https://fd8-photos.leclercdrive.fr/image.ashx?id=2913724&use=l&cat=p&typeid=i","cat":284532},{"id":50990,"n":"Fruits au sirop St Mamet Ananas en morceaux - 345g","p":2.6,"u":"7,54 €/KG","img":"https://fd8-photos.leclercdrive.fr/image.ashx?id=2927309&use=l&cat=p&typeid=i","cat":284507},{"id":50991,"n":"Fruits au sirop St Mamet Ananas en tranches - 345g","p":1.9,"u":"5,51 €/KG","img":"https://fd8-photos.leclercdrive.fr/image.ashx?id=2630226&use=l&cat=p&typeid=i","cat":284507},{"id":51004,"n":"Sucre de canne Daddy Demi morceaux - 750g","p":2.45,"u":"3,27 €/KG","img":"https://fd8-photos.leclercdrive.fr/image.ashx?id=2907950&use=l&cat=p&typeid=i","cat":284502},{"id":51046,"n":"Mouchoirs blancs 3 plis Eco+ x15","p":0.97,"u":"0,06 €/P","img":"https://fd8-photos.leclercdrive.fr/image.ashx?id=2824244&use=l&cat=p&typeid=i","cat":284638},{"id":51047,"n":"Biscuits Petit Brun extra 300g","p":1.49,"u":"4,97 €/KG","img":"https://fd8-photos.leclercdrive.fr/image.ashx?id=3002264&use=l&cat=p&typeid=i","cat":284487},{"id":51048,"n":"Lentilles Notre Jardin 3x130g","p":2.09,"u":"5,36 €/KG","img":"https://fd8-photos.leclercdrive.fr/image.ashx?id=3002617&use=l&cat=p&typeid=i","cat":312609},{"id":51050,"n":"Chips Pom'lisse Barbecue - 6x30g","p":1.99,"u":"11,06 €/KG","img":"https://fd8-photos.leclercdrive.fr/image.ashx?id=2809668&use=l&cat=p&typeid=i","cat":284447},{"id":51051,"n":"Noix de cajou Tokapi  3x80g","p":3.39,"u":"14,13 €/KG","img":"https://fd8-photos.leclercdrive.fr/image.ashx?id=2793245&use=l&cat=p&typeid=i","cat":284448},{"id":51089,"n":"Soda Sprink's Aux agrumes - 1.5L","p":1.4,"u":"0,93 €/L","img":"https://fd8-photos.leclercdrive.fr/image.ashx?id=2913727&use=l&cat=p&typeid=i","cat":284532},{"id":51227,"n":"Papier cuisson Alfapac Naturel 10M x 0.37","p":1.37,"img":"https://fd8-photos.leclercdrive.fr/image.ashx?id=2887734&use=l&cat=p&typeid=i","cat":334134},{"id":51248,"n":"Crème dessert La Laitière Caramel  - 4x100g","p":1.99,"u":"4,98 €/KG","img":"https://fd8-photos.leclercdrive.fr/image.ashx?id=2875990&use=l&cat=p&typeid=i","cat":285041},{"id":51249,"n":"Crème brûlée La Laitière saveur vanille - 4x100g","p":2.99,"u":"7,48 €/KG","img":"https://fd8-photos.leclercdrive.fr/image.ashx?id=2624116&use=l&cat=p&typeid=i","cat":284419},{"id":51254,"n":"Eau aromatisée O'Fresh Pêche - 1.5L","p":0.91,"u":"0,61 €/L","img":"https://fd8-photos.leclercdrive.fr/image.ashx?id=2450029&use=l&cat=p&typeid=i","cat":284537},{"id":51257,"n":"Eau aromatisée O'Fresh Citron vert - 1.5L","p":0.75,"u":"0,50 €/L","img":"https://fd8-photos.leclercdrive.fr/image.ashx?id=2450038&use=l&cat=p&typeid=i","cat":284537},{"id":51265,"n":"Eau aromatisée O'Fresh Citron - 1.5L","p":0.75,"u":"0,50 €/L","img":"https://fd8-photos.leclercdrive.fr/image.ashx?id=2450041&use=l&cat=p&typeid=i","cat":284537},{"id":51268,"n":"Eau aromatisée O'Fresh Fraise - 1.5L","p":0.75,"u":"0,50 €/L","img":"https://fd8-photos.leclercdrive.fr/image.ashx?id=2450044&use=l&cat=p&typeid=i","cat":284537},{"id":51270,"n":"Tablette chocolat Côte d'Or Chocolat au lait - 3x100g","p":4.95,"u":"16,50 €/KG","img":"https://fd8-photos.leclercdrive.fr/image.ashx?id=2875561&use=l&cat=p&typeid=i","cat":284497},{"id":51271,"n":"Tablette chocolat Côte d'Or Noir extra - 3x100g","p":4.12,"u":"13,73 €/KG","img":"https://fd8-photos.leclercdrive.fr/image.ashx?id=2875564&use=l&cat=p&typeid=i","cat":284956},{"id":51274,"n":"Tablette chocolat Côte d'Or Chocolar lait/ Raisin - 180g","p":3.65,"u":"20,28 €/KG","img":"https://fd8-photos.leclercdrive.fr/image.ashx?id=2961272&use=l&cat=p&typeid=i","cat":284497},{"id":51275,"n":"Tablette chocolat Côte d'Or Chocolat lait/Noisettes - 180g","p":3.62,"u":"20,11 €/KG","img":"https://fd8-photos.leclercdrive.fr/image.ashx?id=2993140&use=l&cat=p&typeid=i","cat":284497},{"id":51276,"n":"Tablette chocolat Côte d'Or Chocolat noir/Noisettes - 180g","p":4.0,"u":"22,22 €/KG","img":"https://fd8-photos.leclercdrive.fr/image.ashx?id=2993143&use=l&cat=p&typeid=i","cat":284956},{"id":51277,"n":"Tablette chocolat Côte d'Or Chocolat noir Amandes - 180g","p":3.7,"u":"20,56 €/KG","img":"https://fd8-photos.leclercdrive.fr/image.ashx?id=2993146&use=l&cat=p&typeid=i","cat":284956},{"id":51289,"n":"Fromage Blanc Calin Nature - 0% extra - 850g","p":2.29,"u":"2,69 €/KG","img":"https://fd8-photos.leclercdrive.fr/image.ashx?id=2973724&use=l&cat=p&typeid=i","cat":315000},{"id":51292,"n":"Yaourts Douceur satinée Délisse Nature - 8x125g","p":2.59,"u":"2,59 €/KG","img":"https://fd8-photos.leclercdrive.fr/image.ashx?id=2932414&use=l&cat=p&typeid=i","cat":284409},{"id":51293,"n":"Douceur satinée Délisse Noix de coco - 4x125g","p":1.71,"u":"3,42 €/KG","img":"https://fd8-photos.leclercdrive.fr/image.ashx?id=1677139&use=l&cat=p&typeid=i","cat":314999},{"id":51297,"n":"Compotes Andros Pomme nature - 8x100g","p":2.44,"u":"3,05 €/KG","img":"https://fd8-photos.leclercdrive.fr/image.ashx?id=2884006&use=l&cat=p&typeid=i","cat":284416},{"id":51298,"n":"Compotes Andros  Pomme nature - 16x100g","p":3.28,"u":"2,05 €/KG","img":"https://fd8-photos.leclercdrive.fr/image.ashx?id=2908195&use=l&cat=p&typeid=i","cat":284416},{"id":51346,"n":"Dessert liégeois Viennois Vanille lit de caramel - 4x100g","p":1.89,"u":"4,73 €/KG","img":"https://fd8-photos.leclercdrive.fr/image.ashx?id=2692122&use=l&cat=p&typeid=i","cat":285042},{"id":51353,"n":"Fromage Cantal jeune NRT AOP  200g","p":3.19,"u":"15,95 €/KG","img":"https://fd8-photos.leclercdrive.fr/image.ashx?id=2934832&use=l&cat=p&typeid=i","cat":314034},{"id":51354,"n":"Mascarpone gorgonzola Tradizioni d'Italia - 200g","p":2.69,"u":"13,45 €/KG","img":"https://fd8-photos.leclercdrive.fr/image.ashx?id=2966535&use=l&cat=p&typeid=i","cat":314032},{"id":51355,"n":"Plat courges 6 mois Good Goût Bio - sauté d'agneau - 190g","p":3.0,"u":"15,79 €/KG","img":"https://fd8-photos.leclercdrive.fr/image.ashx?id=2637276&use=l&cat=p&typeid=i","cat":312236},{"id":51361,"n":"Brassé Poire vanille Good Goût Bio Dès 6 mois - 90g","p":1.33,"u":"14,78 €/KG","img":"https://fd8-photos.leclercdrive.fr/image.ashx?id=2736178&use=l&cat=p&typeid=i","cat":312392},{"id":51392,"n":"Yaourts à la Grecque Délisse Lit de fruit jaunes - 4x150g","p":1.99,"u":"3,32 €/KG","img":"https://fd8-photos.leclercdrive.fr/image.ashx?id=2699699&use=l&cat=p&typeid=i","cat":314999},{"id":51395,"n":"Profiteroles Délisse 4x90g","p":2.49,"u":"6,92 €/KG","img":"https://fd8-photos.leclercdrive.fr/image.ashx?id=2415562&use=l&cat=p&typeid=i","cat":284419},{"id":51653,"n":"Bananes Panier du Primeur x5","p":1.69,"u":"0,34 €/P","img":"https://fd8-photos.leclercdrive.fr/image.ashx?id=2302456&use=l&cat=p&typeid=i","cat":284356},{"id":51722,"n":"Bâtonnet Magic Smicy Mutlifruits x8 - 320g","p":2.51,"u":"7,84 €/KG","img":"https://fd8-photos.leclercdrive.fr/image.ashx?id=949988&use=l&cat=p&typeid=i","cat":285250},{"id":51750,"n":"Sel fin La Baleine Iodé - 500g","p":0.69,"u":"1,38 €/KG","img":"https://fd8-photos.leclercdrive.fr/image.ashx?id=1752100&use=l&cat=p&typeid=i","cat":284457},{"id":51751,"n":"Cacolac Chocolat Canettes Pack - 6x25cl","p":5.78,"u":"3,85 €/L","img":"https://fd8-photos.leclercdrive.fr/image.ashx?id=2554623&use=l&cat=p&typeid=i","cat":295246},{"id":51822,"n":"Thé glacé Lipton Ice Tea Pêche - 4x50cl","p":4.39,"u":"2,20 €/L","img":"https://fd8-photos.leclercdrive.fr/image.ashx?id=2505471&use=l&cat=p&typeid=i","cat":295019},{"id":51865,"n":"Bière blonde Kronenbourg 4,2° - 10x25cl","p":5.59,"u":"2,24 €/L","img":"https://fd8-photos.leclercdrive.fr/image.ashx?id=2992750&use=l&cat=p&typeid=i","cat":334873},{"id":51866,"n":"Lait Croissance Mots d'Enfants 12 à 36 mois - 6x1L","p":8.04,"u":"1,34 €/L","img":"https://fd8-photos.leclercdrive.fr/image.ashx?id=2770684&use=l&cat=p&typeid=i","cat":284728},{"id":51934,"n":"Goûter laitier Récré O'Lé Gourdes Chocolat - 12x85g","p":5.9,"u":"5,78 €/KG","img":"https://fd8-photos.leclercdrive.fr/image.ashx?id=2887035&use=l&cat=p&typeid=i","cat":284506},{"id":51935,"n":"Goûter laitier Récré O'Lé Gourdes Saveur Vanille - 12x85g","p":5.89,"u":"5,77 €/KG","img":"https://fd8-photos.leclercdrive.fr/image.ashx?id=2795213&use=l&cat=p&typeid=i","cat":284506},{"id":51939,"n":"Trio salade Florette Mâche roquette betterave - 175g","p":3.0,"u":"17,14 €/KG","img":"https://fd8-photos.leclercdrive.fr/image.ashx?id=2650534&use=l&cat=p&typeid=i","cat":284353},{"id":51956,"n":"Gel barquette  Bien Air Muguet  x1","p":1.24,"img":"https://fd8-photos.leclercdrive.fr/image.ashx?id=2466877&use=l&cat=p&typeid=i","cat":311628},{"id":51957,"n":"Gel désodorisant Bien Air Marine - x1","p":1.35,"img":"https://fd8-photos.leclercdrive.fr/image.ashx?id=2466880&use=l&cat=p&typeid=i","cat":311628},{"id":51978,"n":"Boisson au soja Nat&Vie Chocolat - 1L","p":1.4,"u":"1,40 €/L","img":"https://fd8-photos.leclercdrive.fr/image.ashx?id=2886457&use=l&cat=p&typeid=i","cat":316067},{"id":51979,"n":"Boisson au soja Vanille Végé 1L Végé - 200g","p":1.35,"u":"1,35 €/L","img":"https://fd8-photos.leclercdrive.fr/image.ashx?id=2872703&use=l&cat=p&typeid=i","cat":316067},{"id":51995,"n":"Spécialité laitière Délisse Epaisse - 7% MG - 50cl","p":1.43,"u":"2,86 €/L","img":"https://fd8-photos.leclercdrive.fr/image.ashx?id=2363802&use=l&cat=p&typeid=i","cat":284381},{"id":51996,"n":"Spécialtié laitière Délisse UHT Fluide 4%mg - 3x20cl","p":1.99,"u":"3,32 €/L","img":"https://fd8-photos.leclercdrive.fr/image.ashx?id=2909398&use=l&cat=p&typeid=i","cat":284381},{"id":51999,"n":"Spécialité laitière Délisse Semi-épaisse 4%mg - 2x25cl","p":1.9,"u":"3,80 €/L","img":"https://fd8-photos.leclercdrive.fr/image.ashx?id=1790942&use=l&cat=p&typeid=i","cat":284381},{"id":52000,"n":"Spécialité laitière Délisse Epaisse - 7% MG - 20cl","p":0.95,"u":"4,75 €/L","img":"https://fd8-photos.leclercdrive.fr/image.ashx?id=2375583&use=l&cat=p&typeid=i","cat":284381},{"id":52001,"n":"Pâte à pizza fine Herta Rectangulaire - 390g","p":1.75,"u":"4,49 €/KG","img":"https://fd8-photos.leclercdrive.fr/image.ashx?id=2976110&use=l&cat=p&typeid=i","cat":333681},{"id":52002,"n":"HERTA Pâte à pizza fine & ronde 265g","p":1.35,"u":"5,09 €/KG","img":"https://fd8-photos.leclercdrive.fr/image.ashx?id=2975674&use=l&cat=p&typeid=i","cat":333681},{"id":52003,"n":"Eau aromatisée O'Fresh Fraise - 6x50cl","p":2.99,"u":"1,00 €/L","img":"https://fd8-photos.leclercdrive.fr/image.ashx?id=2441378&use=l&cat=p&typeid=i","cat":284537},{"id":52004,"n":"AOC Alsace Edelzwicker  vin blanc Rebmann - 75 cl","p":4.49,"u":"5,99 €/L","img":"https://fd8-photos.leclercdrive.fr/image.ashx?id=2775472&use=l&cat=p&typeid=i","cat":289557},{"id":52071,"n":"Tortillas Table du Monde De maïs - 320g","p":1.69,"u":"5,28 €/KG","img":"https://fd8-photos.leclercdrive.fr/image.ashx?id=2679759&use=l&cat=p&typeid=i","cat":288993},{"id":52078,"n":"Pointe Brie de Meaux NRT AOP 200g","p":3.09,"u":"15,45 €/KG","img":"https://fd8-photos.leclercdrive.fr/image.ashx?id=2564491&use=l&cat=p&typeid=i","cat":314033},{"id":52080,"n":"Emmental fromage rapé Les Croisés - 1kg","p":7.97,"u":"7,97 €/KG","img":"https://fd8-photos.leclercdrive.fr/image.ashx?id=2832990&use=l&cat=p&typeid=i","cat":314035},{"id":52081,"n":"Boisson à base de vin rosé  saveur fraise Festalie - 75 cl","p":2.4,"u":"3,20 €/L","img":"https://fd8-photos.leclercdrive.fr/image.ashx?id=2774903&use=l&cat=p&typeid=i","cat":304569},{"id":52082,"n":"Roulés Les Croisés Jambon fumé Fromage ail fines herbes - 100g","p":2.79,"u":"27,90 €/KG","img":"https://fd8-photos.leclercdrive.fr/image.ashx?id=2501682&use=l&cat=p&typeid=i","cat":314027},{"id":52090,"n":"Pizza Turini 3 Fromages - 3x350g","p":5.3,"u":"5,05 €/KG","img":"https://fd8-photos.leclercdrive.fr/image.ashx?id=2815247&use=l&cat=p&typeid=i","cat":284256},{"id":52093,"n":"Salade Menu Fraîcheur Lentilles aux oignons - 300g","p":1.52,"u":"5,07 €/KG","img":"https://fd8-photos.leclercdrive.fr/image.ashx?id=2645954&use=l&cat=p&typeid=i","cat":333657},{"id":52094,"n":"Poulet rôti purée Côté Table Barquette - 300g","p":2.38,"u":"7,93 €/KG","img":"https://fd8-photos.leclercdrive.fr/image.ashx?id=2624001&use=l&cat=p&typeid=i","cat":284953},{"id":52096,"n":"Confit de figues NRT De Provence - 150g","p":1.87,"u":"12,47 €/KG","img":"https://fd8-photos.leclercdrive.fr/image.ashx?id=2839995&use=l&cat=p&typeid=i","cat":284480},{"id":52097,"n":"Salade Menu Fraîcheur Pâtes saumon - 300g","p":2.49,"u":"8,30 €/KG","img":"https://fd8-photos.leclercdrive.fr/image.ashx?id=2645960&use=l&cat=p&typeid=i","cat":333657},{"id":52104,"n":"Gaufres P'tit Deli Poudrées - 260g","p":1.69,"u":"6,50 €/KG","img":"https://fd8-photos.leclercdrive.fr/image.ashx?id=2932417&use=l&cat=p&typeid=i","cat":294777},{"id":52105,"n":"Mini brownies chocolat  Sans gluten - 240g","p":3.24,"u":"13,50 €/KG","img":"https://fd8-photos.leclercdrive.fr/image.ashx?id=2463404&use=l&cat=p&typeid=i","cat":318654},{"id":52108,"n":"Sirop violette NRT Des Alpes-Maritimes -70cl","p":3.2,"u":"4,57 €/L","img":"https://fd8-photos.leclercdrive.fr/image.ashx?id=2590490&use=l&cat=p&typeid=i","cat":295020},{"id":52111,"n":"Chiffonade chorizo Saint Azay 100g","p":2.19,"u":"21,90 €/KG","img":"https://fd8-photos.leclercdrive.fr/image.ashx?id=2845146&use=l&cat=p&typeid=i","cat":316007},{"id":52114,"n":"Fromage Emmental râpé NRT IGP de Savoie - 100g","p":1.99,"u":"19,90 €/KG","img":"https://fd8-photos.leclercdrive.fr/image.ashx?id=2771088&use=l&cat=p&typeid=i","cat":314035},{"id":52115,"n":"Ail Rustica  250g","p":3.29,"u":"13,16 €/KG","img":"https://fd8-photos.leclercdrive.fr/image.ashx?id=2341894&use=l&cat=p&typeid=i","cat":319804},{"id":52118,"n":"Persil Rustica 250g","p":3.29,"u":"13,16 €/KG","img":"https://fd8-photos.leclercdrive.fr/image.ashx?id=2835205&use=l&cat=p&typeid=i","cat":319804},{"id":52122,"n":"Limonade Sprink's Zero - 1.5L","p":0.59,"u":"0,39 €/L","img":"https://fd8-photos.leclercdrive.fr/image.ashx?id=2913681&use=l&cat=p&typeid=i","cat":284531},{"id":52124,"n":"Pâtes Tagliatelles Turini  Fraiches - 600g","p":1.89,"u":"3,15 €/KG","img":"https://fd8-photos.leclercdrive.fr/image.ashx?id=2823081&use=l&cat=p&typeid=i","cat":333682},{"id":52126,"n":"Crème brulée Tyrolia Eskiss 350g","p":2.1,"u":"6,00 €/KG","img":"https://fd8-photos.leclercdrive.fr/image.ashx?id=2075672&use=l&cat=p&typeid=i","cat":284266},{"id":52128,"n":"Dés de saumon Ronde des Mers  Fumé nature - 90g","p":4.1,"u":"45,56 €/KG","img":"https://fd8-photos.leclercdrive.fr/image.ashx?id=2966246&use=l&cat=p&typeid=i","cat":285188},{"id":52134,"n":"Emmental -30% sel fromage bloc  Les Croisés - 200g","p":2.59,"u":"12,95 €/KG","img":"https://fd8-photos.leclercdrive.fr/image.ashx?id=2897790&use=l&cat=p&typeid=i","cat":314034},{"id":52135,"n":"Emmental -30% sel fromage râpé Les Croisés - 150g","p":1.99,"u":"13,27 €/KG","img":"https://fd8-photos.leclercdrive.fr/image.ashx?id=2949197&use=l&cat=p&typeid=i","cat":314035},{"id":52138,"n":"Anchois entiers NRT à l'huile d'olive vierge extra - 115g","p":2.69,"u":"23,39 €/KG","img":"https://fd8-photos.leclercdrive.fr/image.ashx?id=2775783&use=l&cat=p&typeid=i","cat":305147},{"id":52139,"n":"Confit d'oignons NRT 150g","p":1.87,"u":"12,47 €/KG","img":"https://fd8-photos.leclercdrive.fr/image.ashx?id=2839998&use=l&cat=p&typeid=i","cat":284458},{"id":52141,"n":"Bâtonnets Dentastix Pedigree Moyen chien x7 - 180g","p":1.96,"u":"10,89 €/KG","img":"https://fd8-photos.leclercdrive.fr/image.ashx?id=2981301&use=l&cat=p&typeid=i","cat":294527},{"id":52142,"n":"Bâtonnets Dentastix Pedigree Grand chien x7 - 270g","p":2.3,"u":"8,52 €/KG","img":"https://fd8-photos.leclercdrive.fr/image.ashx?id=2877046&use=l&cat=p&typeid=i","cat":294527},{"id":52143,"n":"Bâtonnets Dentastix Pedigree Petit chien x7 - 110g","p":1.5,"u":"13,64 €/KG","img":"https://fd8-photos.leclercdrive.fr/image.ashx?id=2832338&use=l&cat=p&typeid=i","cat":294527},{"id":52148,"n":"Filet de poulet Fleury Michon pommes de terre - 300g","p":3.29,"u":"10,97 €/KG","img":"https://fd8-photos.leclercdrive.fr/image.ashx?id=2656754&use=l&cat=p&typeid=i","cat":333665},{"id":52170,"n":"Amandes effilées Vahiné 125g","p":3.99,"u":"31,92 €/KG","img":"https://fd8-photos.leclercdrive.fr/image.ashx?id=2490575&use=l&cat=p&typeid=i","cat":284504},{"id":52171,"n":"Noix de coco Vahiné  Râpée - 115g","p":1.14,"u":"9,91 €/KG","img":"https://fd8-photos.leclercdrive.fr/image.ashx?id=2559811&use=l&cat=p&typeid=i","cat":284504},{"id":52172,"n":"Noisettes en poudre Vahiné 100g","p":1.83,"u":"18,30 €/KG","img":"https://fd8-photos.leclercdrive.fr/image.ashx?id=2559823&use=l&cat=p&typeid=i","cat":284504},{"id":52174,"n":"Raisins blond Vahiné  125g","p":1.32,"u":"10,56 €/KG","img":"https://fd8-photos.leclercdrive.fr/image.ashx?id=2606253&use=l&cat=p&typeid=i","cat":284357},{"id":52175,"n":"Raisins secs Vahiné  125g","p":1.01,"u":"8,08 €/KG","img":"https://fd8-photos.leclercdrive.fr/image.ashx?id=2559820&use=l&cat=p&typeid=i","cat":284357},{"id":52176,"n":"Cerneaux de noix Vahiné 50g","p":0.75,"u":"15,00 €/KG","img":"https://fd8-photos.leclercdrive.fr/image.ashx?id=2606247&use=l&cat=p&typeid=i","cat":284504},{"id":52203,"n":"boisson végétale soja bio  bjorg chocolat - 1l","p":2.3,"u":"2,30 €/L","img":"https://fd8-photos.leclercdrive.fr/image.ashx?id=2939433&use=l&cat=p&typeid=i","cat":316067},{"id":52246,"n":"Spray retouche L'Oréal Paris Magic Retouch Noir","p":7.82,"u":"104,27 €/L","img":"https://fd8-photos.leclercdrive.fr/image.ashx?id=2586420&use=l&cat=p&typeid=i","cat":288899},{"id":52247,"n":"Spray racine Magic Retouch 6 Chatain/acajou - 75ml","p":7.82,"u":"104,27 €/L","img":"https://fd8-photos.leclercdrive.fr/image.ashx?id=2618011&use=l&cat=p&typeid=i","cat":288899},{"id":52249,"n":"Spray retouche L'Oréal Paris Magic Retouch Blond foncé","p":8.99,"u":"119,87 €/L","img":"https://fd8-photos.leclercdrive.fr/image.ashx?id=2586429&use=l&cat=p&typeid=i","cat":288899},{"id":52250,"n":"Spray Coloration L'Oréal Paris Magic Retouch Châtain","p":7.82,"u":"104,27 €/L","img":"https://fd8-photos.leclercdrive.fr/image.ashx?id=2586426&use=l&cat=p&typeid=i","cat":288899},{"id":52254,"n":"IGP Comté Tolosan vin blanc Bernard Cordelier - 75 cl","p":1.99,"u":"2,65 €/L","img":"https://fd8-photos.leclercdrive.fr/image.ashx?id=2905198&use=l&cat=p&typeid=i","cat":289557},{"id":52286,"n":"Pilon de poulet blanc  Volaille Française - 1kg","p":5.59,"u":"5,59 €/KG","img":"https://fd8-photos.leclercdrive.fr/image.ashx?id=2551144&use=l&cat=p&typeid=i","cat":284336},{"id":52287,"n":"Haut de cuisse de poulet blanc Volaille Française - 1kg","p":4.64,"u":"4,64 €/KG","img":"https://fd8-photos.leclercdrive.fr/image.ashx?id=2551138&use=l&cat=p&typeid=i","cat":284336},{"id":52335,"n":"Sauce tomate cuisinée Panzani Tube légumes - 180g","p":1.09,"u":"6,06 €/KG","img":"https://fd8-photos.leclercdrive.fr/image.ashx?id=2984751&use=l&cat=p&typeid=i","cat":288384},{"id":52367,"n":"Whisky Ballantine's Finest Blended Scotch 40% vol - 1,5L","p":34.99,"u":"23,33 €/L","img":"https://fd8-photos.leclercdrive.fr/image.ashx?id=3000833&use=l&cat=p&typeid=i","cat":284547},{"id":52369,"n":"AOP Blaye Côtes de Bordeaux rouge Bio Nos Racines - 75cl","p":5.01,"u":"6,68 €/L","img":"https://fd8-photos.leclercdrive.fr/image.ashx?id=2312091&use=l&cat=p&typeid=i","cat":289556},{"id":52370,"n":"AOP Bordeaux supérieur rouge Bio Nos Racines - 75cl","p":5.01,"u":"6,68 €/L","img":"https://fd8-photos.leclercdrive.fr/image.ashx?id=2312094&use=l&cat=p&typeid=i","cat":289556},{"id":52388,"n":"Crème anti-âge So Bio Etic Plaisir d'argan bio - 50ml","p":8.49,"u":"169,80 €/L","img":"https://fd8-photos.leclercdrive.fr/image.ashx?id=2988587&use=l&cat=p&typeid=i","cat":325345},{"id":52389,"n":"Gelée nuit anti âge So Bio Etic Argan bio - 40ml","p":10.45,"u":"261,25 €/L","img":"https://fd8-photos.leclercdrive.fr/image.ashx?id=2494734&use=l&cat=p&typeid=i","cat":325345},{"id":52391,"n":"Lotion micellaire So Bio Etic Tonifiante bio - 500ml","p":5.17,"u":"10,34 €/L","img":"https://fd8-photos.leclercdrive.fr/image.ashx?id=2909065&use=l&cat=p&typeid=i","cat":284603},{"id":52400,"n":"Chipolatas Tendre Et Plus x12 - 660g","p":6.57,"u":"9,95 €/KG","img":"https://fd8-photos.leclercdrive.fr/image.ashx?id=2324972&use=l&cat=p&typeid=i","cat":284334},{"id":52401,"n":"Merguez Tendre Et Plus x12 - 660g","p":9.58,"u":"14,52 €/KG","img":"https://fd8-photos.leclercdrive.fr/image.ashx?id=2324975&use=l&cat=p&typeid=i","cat":284334},{"id":52412,"n":"Poélée Parisienne D'Aucy 2x580g","p":4.92,"u":"4,24 €/KG","img":"https://fd8-photos.leclercdrive.fr/image.ashx?id=2197558&use=l&cat=p&typeid=i","cat":312612},{"id":52430,"n":"Brosse à dent Aquafresh Flex souple x3","p":6.22,"img":"https://fd8-photos.leclercdrive.fr/image.ashx?id=2303852&use=l&cat=p&typeid=i","cat":284614},{"id":52539,"n":"Pur jus de citron Jardin Bio Bio - 50cl","p":3.52,"u":"7,04 €/L","img":"https://fd8-photos.leclercdrive.fr/image.ashx?id=3014524&use=l&cat=p&typeid=i","cat":288383},{"id":52540,"n":"Pur jus de citron Jardin Bio Bio - 25cl","p":2.15,"u":"8,60 €/L","img":"https://fd8-photos.leclercdrive.fr/image.ashx?id=2673745&use=l&cat=p&typeid=i","cat":288383},{"id":52582,"n":"Sauce Bolognaise Panzani - 210G","p":1.29,"u":"6,14 €/KG","img":"https://fd8-photos.leclercdrive.fr/image.ashx?id=2977927&use=l&cat=p&typeid=i","cat":287599},{"id":52598,"n":"Pur Jus de carottes NRT Des Landes - 1L","p":2.48,"u":"2,48 €/L","img":"https://fd8-photos.leclercdrive.fr/image.ashx?id=2590508&use=l&cat=p&typeid=i","cat":284523},{"id":52618,"n":"Crème brulée Rians  3x100g","p":3.21,"u":"10,70 €/KG","img":"https://fd8-photos.leclercdrive.fr/image.ashx?id=2396246&use=l&cat=p&typeid=i","cat":284419},{"id":52625,"n":"Sauce Pommes de Terre Bénédicta - 255g","p":1.46,"u":"5,62 €/KG","img":"https://fd8-photos.leclercdrive.fr/image.ashx?id=2689925&use=l&cat=p&typeid=i","cat":318430},{"id":52631,"n":"Sauce Béarnaise Bénédicta - 260g","p":1.46,"u":"5,62 €/KG","img":"https://fd8-photos.leclercdrive.fr/image.ashx?id=2689931&use=l&cat=p&typeid=i","cat":318430},{"id":52632,"n":"Sauce au Poivre Bénédicta - 260g","p":1.72,"u":"6,62 €/KG","img":"https://fd8-photos.leclercdrive.fr/image.ashx?id=2689937&use=l&cat=p&typeid=i","cat":318430},{"id":52633,"n":"Sauce Tartare Bénédicta - 260g","p":1.65,"u":"6,35 €/KG","img":"https://fd8-photos.leclercdrive.fr/image.ashx?id=2689940&use=l&cat=p&typeid=i","cat":318430},{"id":52634,"n":"Sauce Bourguignonne Bénédicta - 260g","p":1.39,"u":"5,15 €/KG","img":"https://fd8-photos.leclercdrive.fr/image.ashx?id=2689943&use=l&cat=p&typeid=i","cat":318430},{"id":52673,"n":"Fromage Burger cheddar/emmental Président - 12 tranches - 200g","p":1.55,"u":"7,75 €/KG","img":"https://fd8-photos.leclercdrive.fr/image.ashx?id=2445024&use=l&cat=p&typeid=i","cat":314028},{"id":52679,"n":"Fromage cabecou Rians 22%mg - 3x35g","p":2.7,"u":"25,71 €/KG","img":"https://fd8-photos.leclercdrive.fr/image.ashx?id=2668455&use=l&cat=p&typeid=i","cat":314031},{"id":52684,"n":"Cheddar fromage râpé  Les Croisés - 200g","p":2.39,"u":"11,95 €/KG","img":"https://fd8-photos.leclercdrive.fr/image.ashx?id=2044381&use=l&cat=p&typeid=i","cat":314035},{"id":52688,"n":"Burrata Di Andria IGP  Tradizioni d'italia - 200g","p":4.79,"u":"23,95 €/KG","img":"https://fd8-photos.leclercdrive.fr/image.ashx?id=2904025&use=l&cat=p&typeid=i","cat":314026},{"id":52699,"n":"Comté Entremont Râpé - 2x70g","p":2.69,"u":"19,21 €/KG","img":"https://fd8-photos.leclercdrive.fr/image.ashx?id=2983162&use=l&cat=p&typeid=i","cat":314035},{"id":52704,"n":"Emmental Président 400g","p":4.49,"u":"11,23 €/KG","img":"https://fd8-photos.leclercdrive.fr/image.ashx?id=2752945&use=l&cat=p&typeid=i","cat":314034},{"id":52720,"n":"Essuie-tout blanc Mimosa Super absorbant - x3 compacts","p":3.99,"u":"1,33 €/P","img":"https://fd8-photos.leclercdrive.fr/image.ashx?id=1508431&use=l&cat=p&typeid=i","cat":284635},{"id":52757,"n":"Biscuits sablés Granola Chocolat au lait - 2x200g","p":3.28,"u":"8,20 €/KG","img":"https://fd8-photos.leclercdrive.fr/image.ashx?id=2347275&use=l&cat=p&typeid=i","cat":284488},{"id":52773,"n":"Céréales Crousti avoine Bjorg Chocolat  bio - 500g","p":3.45,"u":"6,90 €/KG","img":"https://fd8-photos.leclercdrive.fr/image.ashx?id=2906184&use=l&cat=p&typeid=i","cat":318651},{"id":52788,"n":"Velouté Pursoup' Liebig Légumes facon pôelée - 2x1L","p":5.67,"u":"2,84 €/L","img":"https://fd8-photos.leclercdrive.fr/image.ashx?id=2385428&use=l&cat=p&typeid=i","cat":284462},{"id":52790,"n":"Fromage mi-chèvre Soignon 180g","p":2.15,"u":"11,94 €/KG","img":"https://fd8-photos.leclercdrive.fr/image.ashx?id=2734357&use=l&cat=p&typeid=i","cat":314031},{"id":52797,"n":"AOP Parmigiano Reggiano Tradizioni d'Italia - 60g","p":1.9,"u":"31,67 €/KG","img":"https://fd8-photos.leclercdrive.fr/image.ashx?id=2904028&use=l&cat=p&typeid=i","cat":314035},{"id":52804,"n":"Fromage à Raclette RichesMonts  Classique 18 Tranches - 420g","p":5.24,"u":"12,48 €/KG","img":"https://fd8-photos.leclercdrive.fr/image.ashx?id=2953489&use=l&cat=p&typeid=i","cat":314037},{"id":52806,"n":"Fromage à Tartiner St Môret  Nature Léger - 300g","p":3.99,"u":"13,30 €/KG","img":"https://fd8-photos.leclercdrive.fr/image.ashx?id=2914507&use=l&cat=p&typeid=i","cat":314029},{"id":52810,"n":"Fromage raclette XXL Tranché 26%mg - 480g","p":5.89,"u":"12,27 €/KG","img":"https://fd8-photos.leclercdrive.fr/image.ashx?id=2793224&use=l&cat=p&typeid=i","cat":314037},{"id":52811,"n":"Fromage raclette fumée Les Croisés 26%mg - 250g","p":2.99,"u":"11,96 €/KG","img":"https://fd8-photos.leclercdrive.fr/image.ashx?id=2793236&use=l&cat=p&typeid=i","cat":314037},{"id":52812,"n":"Yaourt nature bifidus Activia 16x125g","p":4.57,"u":"2,29 €/KG","img":"https://fd8-photos.leclercdrive.fr/image.ashx?id=2831675&use=l&cat=p&typeid=i","cat":315000},{"id":52816,"n":"yaourt nature bifidus Activia 8x125g","p":2.85,"u":"2,85 €/KG","img":"https://fd8-photos.leclercdrive.fr/image.ashx?id=2741709&use=l&cat=p&typeid=i","cat":315000},{"id":52818,"n":"Fromage à tartiner Boursin Figue et 3 noix - 150g","p":2.2,"u":"14,67 €/KG","img":"https://fd8-photos.leclercdrive.fr/image.ashx?id=2962062&use=l&cat=p&typeid=i","cat":314029},{"id":52951,"n":"Café dosettes Tassimo Thé vert menthe x16","p":5.19,"u":"129,75 €/KG","img":"https://fd8-photos.leclercdrive.fr/image.ashx?id=2100368&use=l&cat=p&typeid=i","cat":293233},{"id":52958,"n":"Café dosettes Tassimo L'Or Espresso Classique x16","p":4.47,"u":"42,98 €/KG","img":"https://fd8-photos.leclercdrive.fr/image.ashx?id=2507335&use=l&cat=p&typeid=i","cat":293240},{"id":52961,"n":"Gnocchi Bio Village Bio - 300g","p":2.18,"u":"7,27 €/KG","img":"https://fd8-photos.leclercdrive.fr/image.ashx?id=2607960&use=l&cat=p&typeid=i","cat":333682},{"id":52962,"n":"Biscuits fourrés Prince Chocolat - 300g","p":1.65,"u":"5,50 €/KG","img":"https://fd8-photos.leclercdrive.fr/image.ashx?id=3014638&use=l&cat=p&typeid=i","cat":284488},{"id":52964,"n":"Essuie-tout blanc Mimosa Super absorbant - x4 compacts","p":4.95,"u":"1,24 €/P","img":"https://fd8-photos.leclercdrive.fr/image.ashx?id=2727398&use=l&cat=p&typeid=i","cat":284635},{"id":52979,"n":"Truite fumée de Bretagne NRT x4 - 120g","p":5.39,"u":"44,92 €/KG","img":"https://fd8-photos.leclercdrive.fr/image.ashx?id=2663851&use=l&cat=p&typeid=i","cat":285188},{"id":53003,"n":"Vin d'Espagne rouge Merlot Adrien Champaud - BIB 5L","p":9.99,"u":"2,00 €/L","img":"https://fd8-photos.leclercdrive.fr/image.ashx?id=2960496&use=l&cat=p&typeid=i","cat":289560},{"id":53004,"n":"Vin Espagne Cabernet Sauvignon rouge Adrien Champaud - BIB 5L","p":9.99,"u":"2,00 €/L","img":"https://fd8-photos.leclercdrive.fr/image.ashx?id=2959605&use=l&cat=p&typeid=i","cat":289556},{"id":53064,"n":"Eponges grattantes Mamison  Vaisselle délicate - x2","p":1.26,"u":"0,63 €/P","img":"https://fd8-photos.leclercdrive.fr/image.ashx?id=2202440&use=l&cat=p&typeid=i","cat":284667},{"id":53065,"n":"Eponges grattantes Mamison  Récurage difficile - x2","p":1.27,"u":"0,64 €/P","img":"https://fd8-photos.leclercdrive.fr/image.ashx?id=2207733&use=l&cat=p&typeid=i","cat":284667},{"id":53066,"n":"Diffuseur mini spray Bien Air Floral  - 15ml","p":1.69,"u":"112,67 €/L","img":"https://fd8-photos.leclercdrive.fr/image.ashx?id=2375699&use=l&cat=p&typeid=i","cat":311629},{"id":53067,"n":"Recharge désodorisant Bien Air  Floral - 15ml","p":1.55,"u":"103,33 €/L","img":"https://fd8-photos.leclercdrive.fr/image.ashx?id=2467655&use=l&cat=p&typeid=i","cat":311629},{"id":53069,"n":"Recharge désodorisant Bien Air  Muguet - 15ml","p":1.5,"u":"100,00 €/L","img":"https://fd8-photos.leclercdrive.fr/image.ashx?id=2467658&use=l&cat=p&typeid=i","cat":311629},{"id":53135,"n":"Crozets de Savoie NRT Nature - 400g","p":2.35,"u":"5,88 €/KG","img":"https://fd8-photos.leclercdrive.fr/image.ashx?id=2856226&use=l&cat=p&typeid=i","cat":284427},{"id":53165,"n":"Lomo Saint Azay 100g","p":2.69,"u":"26,90 €/KG","img":"https://fd8-photos.leclercdrive.fr/image.ashx?id=2453192&use=l&cat=p&typeid=i","cat":316007},{"id":53167,"n":"Gaufres liégoise P'tit Déli Nappée chocolat - x7 - 402g","p":2.61,"u":"6,49 €/KG","img":"https://fd8-photos.leclercdrive.fr/image.ashx?id=1965560&use=l&cat=p&typeid=i","cat":294777},{"id":53174,"n":"Chocolat noir Equador Caramel salé - 100g","p":1.39,"u":"13,90 €/KG","img":"https://fd8-photos.leclercdrive.fr/image.ashx?id=2553339&use=l&cat=p&typeid=i","cat":284956},{"id":53180,"n":"Panés au cabillaud Cap Océan 200g","p":3.14,"u":"15,70 €/KG","img":"https://fd8-photos.leclercdrive.fr/image.ashx?id=2543189&use=l&cat=p&typeid=i","cat":284344},{"id":53396,"n":"Yaourt nature bifidus Activia 4x125g","p":1.4,"u":"2,80 €/KG","img":"https://fd8-photos.leclercdrive.fr/image.ashx?id=2885944&use=l&cat=p&typeid=i","cat":315000},{"id":53412,"n":"Activateur biologique Eparcyl  Fosse septique - 864g x24","p":6.32,"u":"7,31 €/KG","img":"https://fd8-photos.leclercdrive.fr/image.ashx?id=2890085&use=l&cat=p&typeid=i","cat":284908},{"id":53465,"n":"Biscuit petit beurre P'tit Déli Chocolat lait 48% - 125g","p":1.49,"u":"11,92 €/KG","img":"https://fd8-photos.leclercdrive.fr/image.ashx?id=2846520&use=l&cat=p&typeid=i","cat":284488},{"id":53474,"n":"Bloc de foie gras pour apéritif Pierre De Chaumeyrac - 100g","p":6.09,"u":"60,90 €/KG","img":"https://fd8-photos.leclercdrive.fr/image.ashx?id=2804332&use=l&cat=p&typeid=i","cat":316008},{"id":53479,"n":"AOP Côtes du Rhône rouge Vieille Vignes - 75cl","p":3.69,"u":"4,92 €/L","img":"https://fd8-photos.leclercdrive.fr/image.ashx?id=2967576&use=l&cat=p&typeid=i","cat":289556},{"id":53508,"n":"Fine chapelure de pain Tipiak 275g","p":0.7,"u":"2,55 €/KG","img":"https://fd8-photos.leclercdrive.fr/image.ashx?id=2594124&use=l&cat=p&typeid=i","cat":288382},{"id":53590,"n":"Tablette chocolat Côte d'Or Lait noisettes entières-2x180g","p":6.67,"u":"18,53 €/KG","img":"https://fd8-photos.leclercdrive.fr/image.ashx?id=2944422&use=l&cat=p&typeid=i","cat":284497},{"id":53591,"n":"Tablette chocolat Côte d'or Noir noisettes entières 2x180g","p":6.66,"u":"18,50 €/KG","img":"https://fd8-photos.leclercdrive.fr/image.ashx?id=3009131&use=l&cat=p&typeid=i","cat":284956},{"id":53600,"n":"Recharge spray Bien Air Automatique japon - 250ml","p":2.39,"u":"9,56 €/L","img":"https://fd8-photos.leclercdrive.fr/image.ashx?id=2974963&use=l&cat=p&typeid=i","cat":311629},{"id":53601,"n":"Recharge spray Bien Air Vanille ambré automatique 250ml","p":2.39,"u":"9,56 €/L","img":"https://fd8-photos.leclercdrive.fr/image.ashx?id=2991136&use=l&cat=p&typeid=i","cat":311629},{"id":53606,"n":"Salade Mexicaine Côté Snack Au thon - 250g","p":1.9,"u":"7,60 €/KG","img":"https://fd8-photos.leclercdrive.fr/image.ashx?id=2884255&use=l&cat=p&typeid=i","cat":284437},{"id":53607,"n":"Salade Piémontaise Côté Snack Thon - 250g","p":1.9,"u":"7,60 €/KG","img":"https://fd8-photos.leclercdrive.fr/image.ashx?id=2868319&use=l&cat=p&typeid=i","cat":284437},{"id":53663,"n":"Dés d'épaule Fleury Michon - 2x75g","p":1.59,"u":"10,60 €/KG","img":"https://fd8-photos.leclercdrive.fr/image.ashx?id=2650429&use=l&cat=p&typeid=i","cat":316011},{"id":53669,"n":"Assortiment Justin Bridou  4 charcuteries - 260g","p":5.65,"u":"21,73 €/KG","img":"https://fd8-photos.leclercdrive.fr/image.ashx?id=2770783&use=l&cat=p&typeid=i","cat":316007},{"id":53740,"n":"Bonnet de Noël Lumineux - x1","p":0.99,"u":"Dont 0,10 € d'éco-part.","img":"https://fd8-photos.leclercdrive.fr/image.ashx?id=1952442&use=l&cat=p&typeid=i","cat":334379},{"id":53776,"n":"Brioche tressée Pasquier Nature - 630g","p":3.75,"u":"5,95 €/KG","img":"https://fd8-photos.leclercdrive.fr/image.ashx?id=2850946&use=l&cat=p&typeid=i","cat":284478},{"id":53777,"n":"Brioche tressée Pasquier  Pépites - 630g","p":2.89,"u":"4,59 €/KG","img":"https://fd8-photos.leclercdrive.fr/image.ashx?id=2848809&use=l&cat=p&typeid=i","cat":284478},{"id":53783,"n":"Lait de coco Suzi Wan 200ml","p":1.26,"u":"6,30 €/L","img":"https://fd8-photos.leclercdrive.fr/image.ashx?id=3002177&use=l&cat=p&typeid=i","cat":288992},{"id":53820,"n":"Madeleines Armor Délices x13 - 430g","p":3.89,"u":"9,05 €/KG","img":"https://fd8-photos.leclercdrive.fr/image.ashx?id=2788688&use=l&cat=p&typeid=i","cat":284492},{"id":53839,"n":"Râpé 3 saveurs Président 200g","p":3.15,"u":"15,75 €/KG","img":"https://fd8-photos.leclercdrive.fr/image.ashx?id=2786006&use=l&cat=p&typeid=i","cat":314035},{"id":53899,"n":"Eau minérale gazeuse Perrier  Naturelle - 6x1L","p":3.97,"u":"0,66 €/L","img":"https://fd8-photos.leclercdrive.fr/image.ashx?id=2454463&use=l&cat=p&typeid=i","cat":284536},{"id":53902,"n":"Eau minérale gazeuse Perrier  Fines bulles - 6x1L","p":4.18,"u":"0,70 €/L","img":"https://fd8-photos.leclercdrive.fr/image.ashx?id=2830924&use=l&cat=p&typeid=i","cat":284536},{"id":53936,"n":"Dés de fromage salade Boursin Echalote ciboulette - 120g","p":2.29,"u":"19,08 €/KG","img":"https://fd8-photos.leclercdrive.fr/image.ashx?id=2865671&use=l&cat=p&typeid=i","cat":314027},{"id":53944,"n":"Fromage à tartiner Boursin Ail et fines herbes - 250g","p":3.45,"u":"13,80 €/KG","img":"https://fd8-photos.leclercdrive.fr/image.ashx?id=2999853&use=l&cat=p&typeid=i","cat":314029},{"id":53946,"n":"Fromage à tartiner Boursin Echalote et ciboulette - 150g","p":2.2,"u":"14,67 €/KG","img":"https://fd8-photos.leclercdrive.fr/image.ashx?id=2962059&use=l&cat=p&typeid=i","cat":314029},{"id":54112,"n":"Absolut Vodka 40%vol - 1L","p":25.55,"u":"25,55 €/L","img":"https://fd8-photos.leclercdrive.fr/image.ashx?id=2550261&use=l&cat=p&typeid=i","cat":284550},{"id":54172,"n":"Sauce aux 3 poivres  120g","p":1.69,"u":"14,08 €/KG","img":"https://fd8-photos.leclercdrive.fr/image.ashx?id=2636242&use=l&cat=p&typeid=i","cat":284382},{"id":54173,"n":"Sauce Forestière Férial 120g","p":1.69,"u":"14,08 €/KG","img":"https://fd8-photos.leclercdrive.fr/image.ashx?id=2636248&use=l&cat=p&typeid=i","cat":284382},{"id":54174,"n":"Pâte a pizza Sans Gluten Chaque Jour Sans Gluten - 260g","p":2.99,"u":"11,50 €/KG","img":"https://fd8-photos.leclercdrive.fr/image.ashx?id=2925982&use=l&cat=p&typeid=i","cat":333681},{"id":54175,"n":"Pâte brisée sans gluten Chaque Jour Sans Gluten - 230g","p":1.99,"u":"8,65 €/KG","img":"https://fd8-photos.leclercdrive.fr/image.ashx?id=3002809&use=l&cat=p&typeid=i","cat":333681},{"id":54176,"n":"Pâte feuilletée sans gluten Chaque Jour Sans Gluten - 280g","p":1.99,"u":"7,11 €/KG","img":"https://fd8-photos.leclercdrive.fr/image.ashx?id=3002806&use=l&cat=p&typeid=i","cat":333681},{"id":54177,"n":"AOP Champagne Bio Canard Duchêne - Extra Brut - 75cl","p":30.35,"u":"40,47 €/L","img":"https://fd8-photos.leclercdrive.fr/image.ashx?id=2753611&use=l&cat=p&typeid=i","cat":284542},{"id":54184,"n":"Pétillant AOC Jaillance Clairette Bio, 7%vol - 75cl","p":7.55,"u":"10,07 €/L","img":"https://fd8-photos.leclercdrive.fr/image.ashx?id=2867455&use=l&cat=p&typeid=i","cat":284544},{"id":54297,"n":"Désodorisant Bien Air Mèches actives, lavande - 375ml","p":1.65,"u":"4,40 €/L","img":"https://fd8-photos.leclercdrive.fr/image.ashx?id=2934721&use=l&cat=p&typeid=i","cat":311628},{"id":54298,"n":"Désodorisant Bien Air Mèche active muguet - 375ml","p":1.65,"u":"4,40 €/L","img":"https://fd8-photos.leclercdrive.fr/image.ashx?id=2777803&use=l&cat=p&typeid=i","cat":311628},{"id":54299,"n":"Désodorisant Bien Air Mèche active Fruit rouge 375ml","p":1.65,"u":"4,40 €/L","img":"https://fd8-photos.leclercdrive.fr/image.ashx?id=2777806&use=l&cat=p&typeid=i","cat":311628},{"id":54300,"n":"Désodorisant Bien Air Mèche active agrume 375ml","p":1.65,"u":"4,40 €/L","img":"https://fd8-photos.leclercdrive.fr/image.ashx?id=2777809&use=l&cat=p&typeid=i","cat":311628},{"id":54301,"n":"Recharge mini spray Bien Air Agrume - 15ml","p":1.5,"u":"100,00 €/L","img":"https://fd8-photos.leclercdrive.fr/image.ashx?id=2467652&use=l&cat=p&typeid=i","cat":311629},{"id":54311,"n":"Bière blonde Bio Jade 4.5%vol - 6x25cl","p":5.99,"u":"3,99 €/L","img":"https://fd8-photos.leclercdrive.fr/image.ashx?id=2511282&use=l&cat=p&typeid=i","cat":334873},{"id":54312,"n":"Bière Sans gluten Jade Bio - 4.5%vol - 6x25cl","p":5.35,"u":"3,57 €/L","img":"https://fd8-photos.leclercdrive.fr/image.ashx?id=2672161&use=l&cat=p&typeid=i","cat":334873},{"id":54314,"n":"Pur Jus de tomates NRT Du Lot-et-Garonne - 1L","p":2.09,"u":"2,09 €/L","img":"https://fd8-photos.leclercdrive.fr/image.ashx?id=2590505&use=l&cat=p&typeid=i","cat":284523},{"id":54316,"n":"AOC Coteaux du Layon vin blanc Les Caractères - 75cl","p":6.99,"u":"9,32 €/L","img":"https://fd8-photos.leclercdrive.fr/image.ashx?id=2898762&use=l&cat=p&typeid=i","cat":289557},{"id":54344,"n":"Tablette chocolat Côte d'Or Chocolat lait/Amandes - 180g","p":4.07,"u":"22,61 €/KG","img":"https://fd8-photos.leclercdrive.fr/image.ashx?id=3009143&use=l&cat=p&typeid=i","cat":284497},{"id":54346,"n":"Barre Chocolatée KINDER Country  Céréales chocolat x10 - 235g","p":4.24,"u":"18,04 €/KG","img":"https://fd8-photos.leclercdrive.fr/image.ashx?id=2231942&use=l&cat=p&typeid=i","cat":284498},{"id":54351,"n":"Crème dessert Délisse Chocolat noisette - 4x125g","p":1.05,"u":"2,10 €/KG","img":"https://fd8-photos.leclercdrive.fr/image.ashx?id=2760810&use=l&cat=p&typeid=i","cat":285041},{"id":54354,"n":"Crevettes décortiquées ASC Delpierre - 180g","p":7.19,"u":"39,94 €/KG","img":"https://fd8-photos.leclercdrive.fr/image.ashx?id=2867999&use=l&cat=p&typeid=i","cat":284343},{"id":54372,"n":"Spécialité au soja Nat&Vie Caramel - 4x100g","p":1.5,"u":"3,75 €/P","img":"https://fd8-photos.leclercdrive.fr/image.ashx?id=2901467&use=l&cat=p&typeid=i","cat":316071},{"id":54385,"n":"Coupelles Ananas DDV Sirop léger - 4x70g","p":2.74,"u":"9,79 €/KG","img":"https://fd8-photos.leclercdrive.fr/image.ashx?id=2100793&use=l&cat=p&typeid=i","cat":284507},{"id":54386,"n":"Gâteau multicouche P'tit Déli Genoise fourré chocolat - 175g","p":1.27,"u":"7,26 €/KG","img":"https://fd8-photos.leclercdrive.fr/image.ashx?id=1756935&use=l&cat=p&typeid=i","cat":284495},{"id":54387,"n":"Pains Hot Dog Epi d'Or x4 - 250g","p":1.41,"u":"5,64 €/KG","img":"https://fd8-photos.leclercdrive.fr/image.ashx?id=2147414&use=l&cat=p&typeid=i","cat":284985},{"id":54394,"n":"Spécialité au soja Nat&Vie Citron fruits mixés - 4x100g","p":1.38,"u":"3,45 €/KG","img":"https://fd8-photos.leclercdrive.fr/image.ashx?id=2901464&use=l&cat=p&typeid=i","cat":316071},{"id":54396,"n":"Salade Catalane Côté Snack Thon à la catalane - 250g","p":2.17,"u":"8,68 €/KG","img":"https://fd8-photos.leclercdrive.fr/image.ashx?id=2910589&use=l&cat=p&typeid=i","cat":284437},{"id":54404,"n":"Sauce Tomacouli Panzani - 3X200G","p":1.7,"u":"2,83 €/KG","img":"https://fd8-photos.leclercdrive.fr/image.ashx?id=2744623&use=l&cat=p&typeid=i","cat":288384},{"id":54405,"n":"Sauce Tomacouli Panzani - 700G","p":1.66,"u":"2,37 €/KG","img":"https://fd8-photos.leclercdrive.fr/image.ashx?id=2744632&use=l&cat=p&typeid=i","cat":288384},{"id":54415,"n":"Bâtonnet à mâcher Dentalife  Petit chien - x21 - 345g","p":2.89,"u":"8,38 €/KG","img":"https://fd8-photos.leclercdrive.fr/image.ashx?id=2897339&use=l&cat=p&typeid=i","cat":294527},{"id":54416,"n":"Bâtonnet à macher Dentalife Chien moyen - 345g","p":3.87,"u":"11,22 €/KG","img":"https://fd8-photos.leclercdrive.fr/image.ashx?id=2896426&use=l&cat=p&typeid=i","cat":294527},{"id":54417,"n":"Barre chocolat lait P'tit Déli x5 - 130g","p":1.5,"u":"11,54 €/KG","img":"https://fd8-photos.leclercdrive.fr/image.ashx?id=2568936&use=l&cat=p&typeid=i","cat":284488},{"id":54418,"n":"Bâtonnet à mâche Dentalife Grand chien x12 - 426g","p":2.89,"u":"6,78 €/KG","img":"https://fd8-photos.leclercdrive.fr/image.ashx?id=2897342&use=l&cat=p&typeid=i","cat":294527},{"id":54420,"n":"Gel à raser Carré Homme Pour barbe difficile - 200ml","p":1.89,"u":"9,45 €/L","img":"https://fd8-photos.leclercdrive.fr/image.ashx?id=2704723&use=l&cat=p&typeid=i","cat":284617},{"id":54422,"n":"Spray automatique Bien Air + recharge - 250ml","p":5.98,"u":"23,92 €/L","img":"https://fd8-photos.leclercdrive.fr/image.ashx?id=2330493&use=l&cat=p&typeid=i","cat":311629},{"id":54423,"n":"Gel à raser Carré Homme Fraicheur - 200ml","p":1.69,"u":"8,45 €/L","img":"https://fd8-photos.leclercdrive.fr/image.ashx?id=2704726&use=l&cat=p&typeid=i","cat":284617},{"id":54425,"n":"Batônnets Surimi Pêche Océan MSC - x48 - 800g","p":4.34,"u":"5,43 €/KG","img":"https://fd8-photos.leclercdrive.fr/image.ashx?id=2833114&use=l&cat=p&typeid=i","cat":285189},{"id":54427,"n":"Croquettes Pom'Lisse Pomme de terre - 1kg","p":2.25,"u":"2,25 €/KG","img":"https://fd8-photos.leclercdrive.fr/image.ashx?id=2699696&use=l&cat=p&typeid=i","cat":319792},{"id":54429,"n":"Jambon cru fumé forêt noire  Saint Azay - 6 tranches - 100g","p":1.99,"u":"19,90 €/KG","img":"https://fd8-photos.leclercdrive.fr/image.ashx?id=1975243&use=l&cat=p&typeid=i","cat":316007},{"id":54430,"n":"Salade Italienne Côté Snack Au thon - 250g","p":2.18,"u":"8,72 €/KG","img":"https://fd8-photos.leclercdrive.fr/image.ashx?id=2927910&use=l&cat=p&typeid=i","cat":284437},{"id":54437,"n":"Miel d'acacia Besacier 1kg","p":12.25,"u":"12,25 €/KG","img":"https://fd8-photos.leclercdrive.fr/image.ashx?id=2393035&use=l&cat=p&typeid=i","cat":287643},{"id":54438,"n":"Miel de fleurs Besacier 1kg","p":11.12,"u":"11,12 €/KG","img":"https://fd8-photos.leclercdrive.fr/image.ashx?id=2393032&use=l&cat=p&typeid=i","cat":287643},{"id":54471,"n":"Madeleines longues Le Ster Marbrées choco - 250g","p":2.08,"u":"8,32 €/KG","img":"https://fd8-photos.leclercdrive.fr/image.ashx?id=2962548&use=l&cat=p&typeid=i","cat":284492},{"id":54473,"n":"Madeleines longues Le Ster Nature  - 250g","p":1.95,"u":"7,80 €/KG","img":"https://fd8-photos.leclercdrive.fr/image.ashx?id=2962545&use=l&cat=p&typeid=i","cat":284492},{"id":54482,"n":"Gâteaux Mini roulés Lulu LU Fraise - 150g","p":2.13,"u":"14,20 €/KG","img":"https://fd8-photos.leclercdrive.fr/image.ashx?id=2182876&use=l&cat=p&typeid=i","cat":284495},{"id":54492,"n":"Tortillas chips Bio village Bio Nature - 150g","p":1.75,"u":"11,67 €/KG","img":"https://fd8-photos.leclercdrive.fr/image.ashx?id=2538385&use=l&cat=p&typeid=i","cat":287899},{"id":54494,"n":"Biscuits Petit Ecolier LU Chocolat au lait - 2x150g","p":3.31,"u":"11,03 €/KG","img":"https://fd8-photos.leclercdrive.fr/image.ashx?id=3009122&use=l&cat=p&typeid=i","cat":284488},{"id":54495,"n":"Biscuits fourrés Prince Chocolat - 250g","p":1.89,"u":"7,56 €/KG","img":"https://fd8-photos.leclercdrive.fr/image.ashx?id=2306726&use=l&cat=p&typeid=i","cat":284488},{"id":54496,"n":"Gâteaux fourrés Milka Chocolat - 175g","p":2.24,"u":"12,80 €/KG","img":"https://fd8-photos.leclercdrive.fr/image.ashx?id=3005338&use=l&cat=p&typeid=i","cat":284495},{"id":54520,"n":"Pâte a pizza Tablier Blanc Rectangle - 385g","p":1.3,"u":"3,38 €/KG","img":"https://fd8-photos.leclercdrive.fr/image.ashx?id=2635925&use=l&cat=p&typeid=i","cat":333681},{"id":54522,"n":"Pâte feuilletée Tablier Blanc A dérouler - x2 - 460g","p":1.48,"u":"3,22 €/KG","img":"https://fd8-photos.leclercdrive.fr/image.ashx?id=2635928&use=l&cat=p&typeid=i","cat":333681},{"id":54525,"n":"Paëlla Royale Côté Table 800g","p":5.78,"u":"7,23 €/KG","img":"https://fd8-photos.leclercdrive.fr/image.ashx?id=2614488&use=l&cat=p&typeid=i","cat":333666},{"id":54540,"n":"AOC Crémant Limoux Aguila Brut - 75cl","p":5.25,"u":"7,00 €/L","img":"https://fd8-photos.leclercdrive.fr/image.ashx?id=2792243&use=l&cat=p&typeid=i","cat":284544},{"id":54543,"n":"AOP Crémant de Loire Ackerman Blanc Brut - 11.5%vol - 75cl","p":8.23,"u":"10,97 €/L","img":"https://fd8-photos.leclercdrive.fr/image.ashx?id=2379185&use=l&cat=p&typeid=i","cat":284545},{"id":54603,"n":"Compote Charles & Alice Panachés P.Mangues - 12x100g","p":3.99,"u":"3,33 €/KG","img":"https://fd8-photos.leclercdrive.fr/image.ashx?id=2790651&use=l&cat=p&typeid=i","cat":284416},{"id":54604,"n":"Compote Charles & Alice Panachés P.Myrtilles - 12x100g","p":3.99,"u":"3,33 €/KG","img":"https://fd8-photos.leclercdrive.fr/image.ashx?id=2790654&use=l&cat=p&typeid=i","cat":284416},{"id":54612,"n":"Corn Flakes bio Bio Village Nature - 375g","p":2.41,"u":"6,43 €/KG","img":"https://fd8-photos.leclercdrive.fr/image.ashx?id=2835226&use=l&cat=p&typeid=i","cat":309513},{"id":54853,"n":"Mini choux Tokapi  Saumon/aneth - 60g","p":0.92,"u":"15,33 €/KG","img":"https://fd8-photos.leclercdrive.fr/image.ashx?id=2063338&use=l&cat=p&typeid=i","cat":297000},{"id":54857,"n":"Polenta Turini  500g","p":1.19,"u":"2,38 €/KG","img":"https://fd8-photos.leclercdrive.fr/image.ashx?id=2682792&use=l&cat=p&typeid=i","cat":284431},{"id":54860,"n":"Mix apéritif Bio Village  Bio -  120g","p":2.74,"u":"22,83 €/KG","img":"https://fd8-photos.leclercdrive.fr/image.ashx?id=1944243&use=l&cat=p&typeid=i","cat":284448},{"id":54926,"n":"Mousse liégeoise Viennois  Café - 4x90g","p":1.99,"u":"5,53 €/KG","img":"https://fd8-photos.leclercdrive.fr/image.ashx?id=2729788&use=l&cat=p&typeid=i","cat":284417},{"id":54944,"n":"Cône Nestlé Extrême  Café intense - 6x71g","p":3.22,"u":"7,56 €/KG","img":"https://fd8-photos.leclercdrive.fr/image.ashx?id=3000435&use=l&cat=p&typeid=i","cat":284264},{"id":54957,"n":"Cône Extrême Nestle Vanille Fraise - 6x71g","p":3.57,"u":"8,38 €/KG","img":"https://fd8-photos.leclercdrive.fr/image.ashx?id=2353113&use=l&cat=p&typeid=i","cat":284264},{"id":54958,"n":"Cône Extrême Nestle Menthe chocolat - 6x71g","p":3.65,"u":"8,57 €/KG","img":"https://fd8-photos.leclercdrive.fr/image.ashx?id=2737048&use=l&cat=p&typeid=i","cat":284264},{"id":54959,"n":"Cône Extrême Intense Nestle Pistache Chocolat - 6x71g","p":3.22,"u":"7,56 €/KG","img":"https://fd8-photos.leclercdrive.fr/image.ashx?id=2353116&use=l&cat=p&typeid=i","cat":284264},{"id":54967,"n":"Croissants La Fournée Dorée x8 - 320g","p":1.85,"u":"5,78 €/KG","img":"https://fd8-photos.leclercdrive.fr/image.ashx?id=2686084&use=l&cat=p&typeid=i","cat":296366},{"id":55033,"n":"Fromage à Tartiner Tartare Ail et Fines Herbes 16P - 250g","p":4.53,"u":"18,12 €/KG","img":"https://fd8-photos.leclercdrive.fr/image.ashx?id=2732887&use=l&cat=p&typeid=i","cat":314029},{"id":55065,"n":"AOP Champagne Tsarine Brut Cuvée Premium - 75cl","p":26.95,"u":"35,93 €/L","img":"https://fd8-photos.leclercdrive.fr/image.ashx?id=2757749&use=l&cat=p&typeid=i","cat":284542},{"id":55085,"n":"Fine chapelure de pain Tipiak  500g","p":1.53,"u":"3,06 €/KG","img":"https://fd8-photos.leclercdrive.fr/image.ashx?id=2648277&use=l&cat=p&typeid=i","cat":288382},{"id":55101,"n":"AOP Médoc rouge Merrain - 75cl","p":6.99,"u":"9,32 €/L","img":"https://fd8-photos.leclercdrive.fr/image.ashx?id=2989282&use=l&cat=p&typeid=i","cat":289556},{"id":55102,"n":"Dentifrice expert Bionaïa Menthe Bio - 75ml","p":1.79,"u":"23,87 €/L","img":"https://fd8-photos.leclercdrive.fr/image.ashx?id=2529540&use=l&cat=p&typeid=i","cat":284612},{"id":55115,"n":"Lingettes Mots d'Enfants Pockets - x20","p":1.19,"u":"0,06 €/P","img":"https://fd8-photos.leclercdrive.fr/image.ashx?id=2856549&use=l&cat=p&typeid=i","cat":284738},{"id":55116,"n":"Plat à tarte Elembal  x3","p":2.05,"u":"0,68 €/P","img":"https://fd8-photos.leclercdrive.fr/image.ashx?id=2511123&use=l&cat=p&typeid=i","cat":334134},{"id":55144,"n":"Emincés de poulet Fleury Michon Rôti sans nitrite 2x75g","p":2.56,"u":"17,07 €/KG","img":"https://fd8-photos.leclercdrive.fr/image.ashx?id=2649804&use=l&cat=p&typeid=i","cat":316011},{"id":55146,"n":"Jambon à poêler Fleury Michon 2x80g","p":2.99,"u":"18,69 €/KG","img":"https://fd8-photos.leclercdrive.fr/image.ashx?id=2975155&use=l&cat=p&typeid=i","cat":316009},{"id":55160,"n":"Brioche tréssée Pasquier Tranchée Pépite chocolat - 500g","p":2.85,"u":"5,70 €/KG","img":"https://fd8-photos.leclercdrive.fr/image.ashx?id=2971969&use=l&cat=p&typeid=i","cat":284478},{"id":55197,"n":"Plat bébé soir Blédiner 12 mois Macaroni ratatouille - 2x200g","p":2.55,"u":"6,38 €/KG","img":"https://fd8-photos.leclercdrive.fr/image.ashx?id=2845826&use=l&cat=p&typeid=i","cat":312239},{"id":55206,"n":"Plat bébé Blédina 12 mois Pâtes tomate jambon - 2x200g","p":2.32,"u":"5,80 €/KG","img":"https://fd8-photos.leclercdrive.fr/image.ashx?id=2975071&use=l&cat=p&typeid=i","cat":312237},{"id":55254,"n":"Gâche ronde La Fournée Dorée Levain et crème fraîche - 500g","p":3.15,"u":"6,30 €/KG","img":"https://fd8-photos.leclercdrive.fr/image.ashx?id=2424560&use=l&cat=p&typeid=i","cat":284478},{"id":55265,"n":"Mousse de canard Supérieure L'Atelier Charcuterie - 170g","p":2.71,"u":"15,94 €/KG","img":"https://fd8-photos.leclercdrive.fr/image.ashx?id=2882529&use=l&cat=p&typeid=i","cat":316008},{"id":55271,"n":"AOC Bordeaux vin rouge Bernard Cordelier - 75 cl","p":1.99,"u":"2,65 €/L","img":"https://fd8-photos.leclercdrive.fr/image.ashx?id=2750123&use=l&cat=p&typeid=i","cat":289556},{"id":55276,"n":"Brosse adhésive  Mamison Textile 36 feuilles","p":2.29,"img":"https://fd8-photos.leclercdrive.fr/image.ashx?id=1063565&use=l&cat=p&typeid=i","cat":284669},{"id":55343,"n":"Biscuits à thé Delacre Tea Time Assortiment Boîte Métal - 1kg","p":13.85,"u":"13,85 €/KG","img":"https://fd8-photos.leclercdrive.fr/image.ashx?id=2867969&use=l&cat=p&typeid=i","cat":284490},{"id":55377,"n":"Bougie Bien Air Fruits rouges 30heures - x1","p":2.19,"img":"https://fd8-photos.leclercdrive.fr/image.ashx?id=2939073&use=l&cat=p&typeid=i","cat":284666},{"id":55381,"n":"Cacahuètes Tokapi  Grillées à sec - 120g","p":0.47,"u":"3,92 €/KG","img":"https://fd8-photos.leclercdrive.fr/image.ashx?id=2799778&use=l&cat=p&typeid=i","cat":284448},{"id":55415,"n":"Bougie Bien Air Anti-tabac 30h - x1","p":1.83,"img":"https://fd8-photos.leclercdrive.fr/image.ashx?id=2999613&use=l&cat=p&typeid=i","cat":284666},{"id":55416,"n":"Recharge adhésive Mamison  36 feuilles-  x2","p":2.22,"img":"https://fd8-photos.leclercdrive.fr/image.ashx?id=1066450&use=l&cat=p&typeid=i","cat":284669},{"id":55438,"n":"Confit de canard du Sud-Ouest Pomme de terre - NRT - 1065g","p":13.99,"u":"13,14 €/KG","img":"https://fd8-photos.leclercdrive.fr/image.ashx?id=2753535&use=l&cat=p&typeid=i","cat":284440},{"id":55439,"n":"Salade Niçoise Côté Snack Au thon - 250g","p":1.8,"u":"7,20 €/KG","img":"https://fd8-photos.leclercdrive.fr/image.ashx?id=2868316&use=l&cat=p&typeid=i","cat":284437},{"id":55442,"n":"Salade Parisienne Côté Snack Au thon - 250g","p":2.49,"u":"9,96 €/KG","img":"https://fd8-photos.leclercdrive.fr/image.ashx?id=2905919&use=l&cat=p&typeid=i","cat":284437},{"id":55469,"n":"Pain brioché Schar Sans gluten - 370g","p":4.71,"u":"12,73 €/KG","img":"https://fd8-photos.leclercdrive.fr/image.ashx?id=2137057&use=l&cat=p&typeid=i","cat":318654},{"id":55472,"n":"Mix Pane Schar Sans gluten - 1kg","p":6.74,"u":"6,74 €/KG","img":"https://fd8-photos.leclercdrive.fr/image.ashx?id=2439947&use=l&cat=p&typeid=i","cat":318654},{"id":55527,"n":"Vin d'Espagne blanc François D'Aubigné - 150 cl","p":1.99,"u":"1,33 €/L","img":"https://fd8-photos.leclercdrive.fr/image.ashx?id=2905201&use=l&cat=p&typeid=i","cat":289557},{"id":55528,"n":"Vin d'Espagne rosé François D'Aubigné - 150 cl","p":1.99,"u":"1,33 €/L","img":"https://fd8-photos.leclercdrive.fr/image.ashx?id=2905204&use=l&cat=p&typeid=i","cat":289558},{"id":55573,"n":"Soda Coca-Cola Original Bouteille - 1L","p":1.87,"u":"1,87 €/L","img":"https://fd8-photos.leclercdrive.fr/image.ashx?id=2194409&use=l&cat=p&typeid=i","cat":284530},{"id":55639,"n":"Copies doubles Clairefontaine 21x29.7cm - x300","p":3.62,"img":"https://fd8-photos.leclercdrive.fr/image.ashx?id=2055963&use=l&cat=p&typeid=i","cat":284697},{"id":55690,"n":"Recharges Pilot FriXion Ball x6 - Noir + Gomme","p":9.3,"img":"https://fd8-photos.leclercdrive.fr/image.ashx?id=2546380&use=l&cat=p&typeid=i","cat":284696},{"id":55691,"n":"Recharges Pilot FriXion Ball x6 + Gomme","p":9.75,"img":"https://fd8-photos.leclercdrive.fr/image.ashx?id=2526752&use=l&cat=p&typeid=i","cat":284696},{"id":55694,"n":"Stylo roller FriXionPilot Clicker  - Rouge","p":7.35,"img":"https://fd8-photos.leclercdrive.fr/image.ashx?id=1189140&use=l&cat=p&typeid=i","cat":284696},{"id":55695,"n":"Stylo roller FriXion Pilot Clicker  - Vert","p":7.35,"img":"https://fd8-photos.leclercdrive.fr/image.ashx?id=1189143&use=l&cat=p&typeid=i","cat":284696},{"id":55700,"n":"Haricots Verts Cassegrain Extra Fins Ceuillis main 110g","p":1.49,"u":"13,55 €/KG","img":"https://fd8-photos.leclercdrive.fr/image.ashx?id=2913034&use=l&cat=p&typeid=i","cat":312606},{"id":55705,"n":"Mini gâteaux aux fruits x16 - 380g","p":9.1,"u":"23,95 €/KG","img":"https://fd8-photos.leclercdrive.fr/image.ashx?id=2501757&use=l&cat=p&typeid=i","cat":284360},{"id":55725,"n":"Blocs-notes Esquisse adhésifs  125x75mm - 2x100","p":1.25,"u":"0,63 €/P","img":"https://fd8-photos.leclercdrive.fr/image.ashx?id=1701139&use=l&cat=p&typeid=i","cat":334133},{"id":55765,"n":"Gingembre Bio  Barquette 200g","p":3.4,"u":"17,00 €/KG","img":"https://fd8-photos.leclercdrive.fr/image.ashx?id=1632123&use=l&cat=p&typeid=i","cat":284352},{"id":55766,"n":"AOP Crémant de Loire Brut - Lacheteau - 75cL","p":6.21,"u":"8,28 €/L","img":"https://fd8-photos.leclercdrive.fr/image.ashx?id=2431911&use=l&cat=p&typeid=i","cat":284545},{"id":55786,"n":"Crêpe fourrée Whaou Chocolat / Noisette x8 - 256g","p":2.55,"u":"9,96 €/KG","img":"https://fd8-photos.leclercdrive.fr/image.ashx?id=2962857&use=l&cat=p&typeid=i","cat":284494},{"id":55805,"n":"Merguez véritables Bio Village Bio x5 - 275g","p":5.99,"u":"21,78 €/KG","img":"https://fd8-photos.leclercdrive.fr/image.ashx?id=2886481&use=l&cat=p&typeid=i","cat":284334},{"id":55810,"n":"Chipolatas bio - Bio Village  x5 - 275g","p":4.69,"u":"17,05 €/KG","img":"https://fd8-photos.leclercdrive.fr/image.ashx?id=2886478&use=l&cat=p&typeid=i","cat":284334},{"id":55816,"n":"Lingettes désinfectantes 2en1 x10 lingettes","p":1.52,"img":"https://fd8-photos.leclercdrive.fr/image.ashx?id=2832981&use=l&cat=p&typeid=i","cat":284630},{"id":55887,"n":"Bougie Bien Air Vanille Caramel 30h - x1","p":1.8,"img":"https://fd8-photos.leclercdrive.fr/image.ashx?id=2399761&use=l&cat=p&typeid=i","cat":284666},{"id":55949,"n":"Riz soja bio Céréal Bio  à l'espagnol repas express-220g","p":1.85,"u":"8,41 €/KG","img":"https://fd8-photos.leclercdrive.fr/image.ashx?id=2575093&use=l&cat=p&typeid=i","cat":287600},{"id":56155,"n":"Jambon des Pyrénées NRT x4 - 100g","p":2.99,"u":"29,90 €/KG","img":"https://fd8-photos.leclercdrive.fr/image.ashx?id=2670452&use=l&cat=p&typeid=i","cat":316007},{"id":56157,"n":"Saucisse sèche des Pyrénées NRT 250g","p":4.49,"u":"17,96 €/KG","img":"https://fd8-photos.leclercdrive.fr/image.ashx?id=2917181&use=l&cat=p&typeid=i","cat":316006},{"id":56160,"n":"Assortiment de charcuteries Savoyardes - NRT - 200g","p":6.29,"u":"31,45 €/KG","img":"https://fd8-photos.leclercdrive.fr/image.ashx?id=2753529&use=l&cat=p&typeid=i","cat":316007},{"id":56162,"n":"Lait concentré sucré Nestlé 1kg","p":4.65,"u":"4,65 €/KG","img":"https://fd8-photos.leclercdrive.fr/image.ashx?id=2906067&use=l&cat=p&typeid=i","cat":299162},{"id":56213,"n":"Assiette Italienne 130g","p":5.99,"u":"46,08 €/KG","img":"https://fd8-photos.leclercdrive.fr/image.ashx?id=2025173&use=l&cat=p&typeid=i","cat":316007},{"id":56418,"n":"Vinaigre de cidre Bio Village Bio 75cl","p":2.09,"u":"2,79 €/L","img":"https://fd8-photos.leclercdrive.fr/image.ashx?id=1069902&use=l&cat=p&typeid=i","cat":298543},{"id":56435,"n":"Bouillon Kub Or Maggi  Déshydraté dégraissé - 128g","p":1.62,"u":"12,66 €/KG","img":"https://fd8-photos.leclercdrive.fr/image.ashx?id=2953977&use=l&cat=p&typeid=i","cat":288379},{"id":56440,"n":"Biscuit Citron Yuzu GERBLE  sans sucre 6 132g","p":1.99,"u":"15,08 €/KG","img":"https://fd8-photos.leclercdrive.fr/image.ashx?id=2664016&use=l&cat=p&typeid=i","cat":318653},{"id":56444,"n":"Biscuits chocolat amande GERBLE  - 4x4, 200g","p":1.85,"u":"9,25 €/KG","img":"https://fd8-photos.leclercdrive.fr/image.ashx?id=2967004&use=l&cat=p&typeid=i","cat":318651},{"id":56452,"n":"Cookie Cacao GERBLE  sans sucres - 130g","p":2.85,"u":"21,92 €/KG","img":"https://fd8-photos.leclercdrive.fr/image.ashx?id=2575057&use=l&cat=p&typeid=i","cat":318653},{"id":56456,"n":"Biscuit Coco GERBLE  sans sucre - 132g","p":2.15,"u":"16,29 €/KG","img":"https://fd8-photos.leclercdrive.fr/image.ashx?id=2662826&use=l&cat=p&typeid=i","cat":318653},{"id":56457,"n":"Biscuit Sésame Vanille GERBLE  sans sucres - 132g","p":2.19,"u":"16,59 €/KG","img":"https://fd8-photos.leclercdrive.fr/image.ashx?id=2664013&use=l&cat=p&typeid=i","cat":318653},{"id":56464,"n":"Biscuit fourré cacao GERBLE   sans sucre 6 185g","p":2.95,"u":"15,95 €/KG","img":"https://fd8-photos.leclercdrive.fr/image.ashx?id=2662832&use=l&cat=p&typeid=i","cat":318653},{"id":56468,"n":"Goûters 4S aux pommes Gerblé 360g","p":2.29,"u":"6,36 €/KG","img":"https://fd8-photos.leclercdrive.fr/image.ashx?id=2860907&use=l&cat=p&typeid=i","cat":318651},{"id":56517,"n":"Eau minérale naturelle Contrex 6x1.5L","p":3.24,"u":"0,36 €/L","img":"https://fd8-photos.leclercdrive.fr/image.ashx?id=2758773&use=l&cat=p&typeid=i","cat":284535},{"id":56547,"n":"Flocons d'avoine bio Bio Village - 500g","p":1.48,"u":"2,96 €/KG","img":"https://fd8-photos.leclercdrive.fr/image.ashx?id=2688243&use=l&cat=p&typeid=i","cat":309512},{"id":56571,"n":"Tomates entières pelées bio Bio Village - 240g","p":1.04,"u":"4,33 €/KG","img":"https://fd8-photos.leclercdrive.fr/image.ashx?id=2302982&use=l&cat=p&typeid=i","cat":312608},{"id":56574,"n":"Sel Fin de Table Rustica Boîte verseuse 500g","p":0.46,"u":"0,92 €/KG","img":"https://fd8-photos.leclercdrive.fr/image.ashx?id=2050681&use=l&cat=p&typeid=i","cat":284457},{"id":56578,"n":"IGP Poulet Auvergne fermier Blanc Label Rouge - 1,5kg","p":12.9,"u":"8,60 €/KG","img":"https://fd8-photos.leclercdrive.fr/image.ashx?id=2526854&use=l&cat=p&typeid=i","cat":284336},{"id":56591,"n":"Box nugget Maître Coq 2 sauces, Crispy  - 585 g","p":7.59,"u":"12,97 €/KG","img":"https://fd8-photos.leclercdrive.fr/image.ashx?id=2642447&use=l&cat=p&typeid=i","cat":333684},{"id":56609,"n":"Fromage à tartiner Madame Loïk Fouetté Nature - 320g","p":3.19,"u":"9,97 €/KG","img":"https://fd8-photos.leclercdrive.fr/image.ashx?id=2967798&use=l&cat=p&typeid=i","cat":314029},{"id":56610,"n":"Fromage à tartiner Madame Loïk Fouetté Nature - 180g","p":1.99,"u":"11,06 €/KG","img":"https://fd8-photos.leclercdrive.fr/image.ashx?id=2948015&use=l&cat=p&typeid=i","cat":314029},{"id":56613,"n":"IGP Pays d'Oc rouge Merlot Grand Sud 13.5% vol - BIB 5L","p":17.24,"u":"3,45 €/L","img":"https://fd8-photos.leclercdrive.fr/image.ashx?id=2837457&use=l&cat=p&typeid=i","cat":289556},{"id":56683,"n":"Pur jus d'ananas Bio Village  Bio - 1L","p":3.81,"u":"3,81 €/L","img":"https://fd8-photos.leclercdrive.fr/image.ashx?id=2901539&use=l&cat=p&typeid=i","cat":284916},{"id":56744,"n":"Lait Matin Léger Bio de Lactel Sans lactose 1.2% mg - 6x50cl","p":9.78,"u":"3,26 €/L","img":"https://fd8-photos.leclercdrive.fr/image.ashx?id=2883540&use=l&cat=p&typeid=i","cat":317169},{"id":56763,"n":"Vinaigre de vin Rustica  25cl","p":0.89,"u":"3,56 €/L","img":"https://fd8-photos.leclercdrive.fr/image.ashx?id=1072903&use=l&cat=p&typeid=i","cat":298543},{"id":56765,"n":"Vinaigre de cidre Rustica 25cl","p":0.79,"u":"3,16 €/L","img":"https://fd8-photos.leclercdrive.fr/image.ashx?id=1072906&use=l&cat=p&typeid=i","cat":298543},{"id":56770,"n":"Fleur de sel de Guérande IGP  NRT - 125g","p":2.49,"u":"19,92 €/KG","img":"https://fd8-photos.leclercdrive.fr/image.ashx?id=2644924&use=l&cat=p&typeid=i","cat":284457},{"id":56831,"n":"Nuggets de poulet Maître Coq Sachet - 1kg","p":7.13,"u":"7,13 €/KG","img":"https://fd8-photos.leclercdrive.fr/image.ashx?id=2936404&use=l&cat=p&typeid=i","cat":319780},{"id":56845,"n":"Bâtonnets de poisson Findus  Colin d'Alaska MSC x16 - 448g","p":4.45,"u":"9,93 €/KG","img":"https://fd8-photos.leclercdrive.fr/image.ashx?id=2650684&use=l&cat=p&typeid=i","cat":319788},{"id":56860,"n":"Flûtes Tokapi Chèvre/romarin -  - 100g","p":1.59,"u":"15,90 €/KG","img":"https://fd8-photos.leclercdrive.fr/image.ashx?id=2374055&use=l&cat=p&typeid=i","cat":297000},{"id":56861,"n":"Mini-flûtes Tokapi Tomate/olive/origan - 100g","p":1.59,"u":"15,90 €/KG","img":"https://fd8-photos.leclercdrive.fr/image.ashx?id=2374058&use=l&cat=p&typeid=i","cat":297000},{"id":56862,"n":"Couscous Comptoir du Grain  Fin - 1kg","p":2.17,"u":"2,17 €/KG","img":"https://fd8-photos.leclercdrive.fr/image.ashx?id=3012857&use=l&cat=p&typeid=i","cat":284429},{"id":56872,"n":"Tartiflette Côté Table  350g","p":2.9,"u":"8,29 €/KG","img":"https://fd8-photos.leclercdrive.fr/image.ashx?id=2970456&use=l&cat=p&typeid=i","cat":284953},{"id":56873,"n":"Hachis parmentier Côté Table 350g","p":2.53,"u":"7,23 €/KG","img":"https://fd8-photos.leclercdrive.fr/image.ashx?id=2393893&use=l&cat=p&typeid=i","cat":284953},{"id":56874,"n":"Lasagnes bolognaise Côté Table Barquette - 350g","p":2.39,"u":"6,83 €/KG","img":"https://fd8-photos.leclercdrive.fr/image.ashx?id=2476164&use=l&cat=p&typeid=i","cat":284953},{"id":56885,"n":"Gel coiffant Vitanove Effet invisible - 300ml","p":1.96,"u":"6,53 €/L","img":"https://fd8-photos.leclercdrive.fr/image.ashx?id=2879940&use=l&cat=p&typeid=i","cat":284609},{"id":56886,"n":"Gel coiffant Vitanove Effet mouillé - 300ml","p":1.53,"u":"5,10 €/L","img":"https://fd8-photos.leclercdrive.fr/image.ashx?id=2273361&use=l&cat=p&typeid=i","cat":284609},{"id":56935,"n":"Pâte à tartiner Nutella 400g","p":3.2,"u":"8,00 €/KG","img":"https://fd8-photos.leclercdrive.fr/image.ashx?id=2935645&use=l&cat=p&typeid=i","cat":284481},{"id":56953,"n":"Cordons bleus Côté Croc Au poulet x2 - 200g","p":1.59,"u":"7,95 €/KG","img":"https://fd8-photos.leclercdrive.fr/image.ashx?id=2801046&use=l&cat=p&typeid=i","cat":333683},{"id":56967,"n":"Biscuits déli Matin P'tit Deli Pepites chocolat -  600g","p":3.31,"u":"5,52 €/KG","img":"https://fd8-photos.leclercdrive.fr/image.ashx?id=2999514&use=l&cat=p&typeid=i","cat":284491},{"id":56991,"n":"Eau de javel Clair Citron - 3x250ml","p":1.3,"u":"1,73 €/L","img":"https://fd8-photos.leclercdrive.fr/image.ashx?id=2949203&use=l&cat=p&typeid=i","cat":284661},{"id":56995,"n":"Jus de fruit Jafaden  Grenade - 1L","p":2.71,"u":"2,71 €/L","img":"https://fd8-photos.leclercdrive.fr/image.ashx?id=2591412&use=l&cat=p&typeid=i","cat":284915},{"id":56996,"n":"Jus de fruit Jafaden  Pur jus multifruits - 2L","p":2.59,"u":"1,30 €/L","img":"https://fd8-photos.leclercdrive.fr/image.ashx?id=2920196&use=l&cat=p&typeid=i","cat":284917},{"id":57007,"n":"Fromage tartiflette Les Croisés 27%mg - 250g","p":2.88,"u":"11,52 €/KG","img":"https://fd8-photos.leclercdrive.fr/image.ashx?id=2793248&use=l&cat=p&typeid=i","cat":314037},{"id":57017,"n":"Friandises chat Catisfactions Poulet - 60g","p":1.25,"u":"20,83 €/KG","img":"https://fd8-photos.leclercdrive.fr/image.ashx?id=2914762&use=l&cat=p&typeid=i","cat":285285},{"id":57020,"n":"Ossau iraty NRT AOP  Fromage de brebis - 200g","p":3.99,"u":"19,95 €/KG","img":"https://fd8-photos.leclercdrive.fr/image.ashx?id=2342632&use=l&cat=p&typeid=i","cat":329184},{"id":57040,"n":"Bière blanche 1664 Blanc 5° - 6x25cl","p":4.7,"u":"3,13 €/L","img":"https://fd8-photos.leclercdrive.fr/image.ashx?id=2886699&use=l&cat=p&typeid=i","cat":334878},{"id":57041,"n":"Bière blonde 1664 5,5° - 6x33cl canettes","p":4.99,"pp":3.29,"u":"1,66 €/L","img":"https://fd8-photos.leclercdrive.fr/image.ashx?id=2887566&use=l&cat=p&typeid=i","cat":334853},{"id":57044,"n":"Bière blonde Kronenbourg 4,2° - 12x33cl canettes","p":8.05,"u":"2,03 €/L","img":"https://fd8-photos.leclercdrive.fr/image.ashx?id=2854366&use=l&cat=p&typeid=i","cat":334853},{"id":57045,"n":"Bière blonde Kronenbourg 4,2° - 6x33cl canettes","p":4.29,"u":"2,17 €/L","img":"https://fd8-photos.leclercdrive.fr/image.ashx?id=2212581&use=l&cat=p&typeid=i","cat":334853},{"id":57060,"n":"Choux de Bruxelles 500g","p":1.69,"u":"3,38 €/KG","img":"https://fd8-photos.leclercdrive.fr/image.ashx?id=598741&use=l&cat=p&typeid=i","cat":284352},{"id":57080,"n":"Fromage frais nature Bio Bio village - 4x100g","p":1.85,"u":"4,63 €/KG","img":"https://fd8-photos.leclercdrive.fr/image.ashx?id=2839947&use=l&cat=p&typeid=i","cat":284409},{"id":57115,"n":"Biscuits Petit Écolier Lu Chocolat au lait - 2x250g","p":5.99,"u":"11,98 €/KG","img":"https://fd8-photos.leclercdrive.fr/image.ashx?id=2937992&use=l&cat=p&typeid=i","cat":284488},{"id":57121,"n":"Nettoyant salle de bain 3en1 Briochin - Ecocert - 750mL","p":2.16,"u":"2,88 €/L","img":"https://fd8-photos.leclercdrive.fr/image.ashx?id=3011398&use=l&cat=p&typeid=i","cat":325357},{"id":57151,"n":"Mousse Délisse Chocolat au lait - 8x60g","p":2.25,"u":"4,69 €/KG","img":"https://fd8-photos.leclercdrive.fr/image.ashx?id=3009517&use=l&cat=p&typeid=i","cat":284417},{"id":57155,"n":"Yaourts à la Grecque Delisse Lit de miel - 4x150g","p":2.89,"u":"4,82 €/KG","img":"https://fd8-photos.leclercdrive.fr/image.ashx?id=2699702&use=l&cat=p&typeid=i","cat":314999},{"id":57183,"n":"Fromage blanc  Lait brebis - 400g","p":2.09,"u":"5,23 €/KG","img":"https://fd8-photos.leclercdrive.fr/image.ashx?id=1735724&use=l&cat=p&typeid=i","cat":314998},{"id":57189,"n":"Yaourt lait brebis Délisse Citron - 4x125g","p":2.39,"u":"4,78 €/KG","img":"https://fd8-photos.leclercdrive.fr/image.ashx?id=1889797&use=l&cat=p&typeid=i","cat":314998},{"id":57222,"n":"Poêlée Parisienne D'Aucy 700g","p":2.43,"u":"3,47 €/KG","img":"https://fd8-photos.leclercdrive.fr/image.ashx?id=2512152&use=l&cat=p&typeid=i","cat":319823},{"id":57274,"n":"Boisson aux fruits Oasis Goût Pomme Cassis Framboise 1L","p":2.04,"u":"2,04 €/L","img":"https://fd8-photos.leclercdrive.fr/image.ashx?id=3011083&use=l&cat=p&typeid=i","cat":295018},{"id":57284,"n":"AOC Prosecco Riccadonna Extra Dry - 11° - 75cl","p":6.99,"u":"9,32 €/L","img":"https://fd8-photos.leclercdrive.fr/image.ashx?id=2666303&use=l&cat=p&typeid=i","cat":289461},{"id":57307,"n":"Pur jus Jafaden Orange, raisin, clémentine, pamplemousse - 1L","p":2.29,"u":"2,29 €/L","img":"https://fd8-photos.leclercdrive.fr/image.ashx?id=2869799&use=l&cat=p&typeid=i","cat":284917},{"id":57314,"n":"Risotto Fleury Michon Poulet et cèpes - 280g","p":2.79,"u":"9,96 €/KG","img":"https://fd8-photos.leclercdrive.fr/image.ashx?id=3003281&use=l&cat=p&typeid=i","cat":333665},{"id":57354,"n":"Duo de Sel & Poivre La Baleine Sel 50G - Poivre 18G","p":1.5,"u":"22,06 €/KG","img":"https://fd8-photos.leclercdrive.fr/image.ashx?id=1752097&use=l&cat=p&typeid=i","cat":284457},{"id":57387,"n":"Crème Saint Agur  250g","p":4.09,"u":"16,36 €/KG","img":"https://fd8-photos.leclercdrive.fr/image.ashx?id=2414160&use=l&cat=p&typeid=i","cat":314029},{"id":57391,"n":"Salade Garden Sodebo Caesar Poulet - 240g","p":3.39,"u":"14,13 €/KG","img":"https://fd8-photos.leclercdrive.fr/image.ashx?id=2939496&use=l&cat=p&typeid=i","cat":333657},{"id":57410,"n":"Croissants Croustipâte x4 - 240g","p":1.63,"u":"6,79 €/KG","img":"https://fd8-photos.leclercdrive.fr/image.ashx?id=2886100&use=l&cat=p&typeid=i","cat":333681},{"id":57435,"n":"Fromage blanc Bio Vrai Lait de brebis - 400g","p":2.6,"u":"6,50 €/KG","img":"https://fd8-photos.leclercdrive.fr/image.ashx?id=2517495&use=l&cat=p&typeid=i","cat":314998},{"id":57627,"n":"Bacon Bio Village 10 tranches bio 100g","p":2.29,"u":"22,90 €/KG","img":"https://fd8-photos.leclercdrive.fr/image.ashx?id=1921536&use=l&cat=p&typeid=i","cat":316007},{"id":57684,"n":"Repas soir bio 12mois Babybio Panais legumes boulghour 230g","p":1.48,"u":"6,43 €/KG","img":"https://fd8-photos.leclercdrive.fr/image.ashx?id=2859359&use=l&cat=p&typeid=i","cat":312239},{"id":57685,"n":"Pots bébé bio Babybio Légumes poulet - 6 mois - 400g","p":2.5,"u":"6,25 €/KG","img":"https://fd8-photos.leclercdrive.fr/image.ashx?id=2827422&use=l&cat=p&typeid=i","cat":312236},{"id":57687,"n":"Repas du soir Babybio - 8 mois Bio Patates douces - 2x200g","p":2.21,"u":"5,53 €/KG","img":"https://fd8-photos.leclercdrive.fr/image.ashx?id=2168291&use=l&cat=p&typeid=i","cat":312239},{"id":57688,"n":"Bols soir bébé bio Babybio Purée, courgette -8 mois-2x200g","p":2.21,"u":"5,53 €/KG","img":"https://fd8-photos.leclercdrive.fr/image.ashx?id=2859365&use=l&cat=p&typeid=i","cat":312239},{"id":57690,"n":"Assiette bébé soir bio Babybio Gratin de légumes -15 mois-260g","p":1.6,"u":"6,15 €/KG","img":"https://fd8-photos.leclercdrive.fr/image.ashx?id=2827539&use=l&cat=p&typeid=i","cat":312239},{"id":57691,"n":"Gourde bébé Babybio Bio 6 mois Pomme/poire/pêche - 4x90g","p":2.62,"u":"7,28 €/KG","img":"https://fd8-photos.leclercdrive.fr/image.ashx?id=2733319&use=l&cat=p&typeid=i","cat":312393},{"id":57692,"n":"Gourde bébé Babybio - 6 mois Bio banane millet / Poire-4x90g","p":2.34,"u":"6,50 €/KG","img":"https://fd8-photos.leclercdrive.fr/image.ashx?id=2858234&use=l&cat=p&typeid=i","cat":312393},{"id":57693,"n":"Crème dessert bébé bio Babybio  Semoule cacao -8 mois- 4x85g","p":3.09,"u":"9,09 €/KG","img":"https://fd8-photos.leclercdrive.fr/image.ashx?id=2834527&use=l&cat=p&typeid=i","cat":312393},{"id":57696,"n":"Pots bébé bio Babybio - 6 mois  Légumes pâtes boeuf - 2x200g","p":2.58,"u":"6,45 €/KG","img":"https://fd8-photos.leclercdrive.fr/image.ashx?id=2838301&use=l&cat=p&typeid=i","cat":312236},{"id":57697,"n":"Pots bébé bio Babybio Panais jambon - 6 mois - 2x200g","p":2.37,"u":"5,93 €/KG","img":"https://fd8-photos.leclercdrive.fr/image.ashx?id=2838304&use=l&cat=p&typeid=i","cat":312236},{"id":57701,"n":"Petits pots Babybio 6 mois - Maïs doux - 2x130g","p":1.34,"u":"5,15 €/KG","img":"https://fd8-photos.leclercdrive.fr/image.ashx?id=2838461&use=l&cat=p&typeid=i","cat":312235},{"id":57703,"n":"Bols bébé soir bio Babybio Légumes pâtes - 8 mois - 2x200g","p":2.28,"u":"5,70 €/KG","img":"https://fd8-photos.leclercdrive.fr/image.ashx?id=2838311&use=l&cat=p&typeid=i","cat":312239},{"id":57705,"n":"Compote bébé Babybio Bio 4 mois Mirabelle Pomme - 2x130g","p":1.95,"u":"7,50 €/KG","img":"https://fd8-photos.leclercdrive.fr/image.ashx?id=2834518&use=l&cat=p&typeid=i","cat":312387},{"id":57710,"n":"Assiette Babybio bio Panais petits pois canard- 260g","p":1.64,"u":"6,31 €/KG","img":"https://fd8-photos.leclercdrive.fr/image.ashx?id=2827536&use=l&cat=p&typeid=i","cat":312238},{"id":57717,"n":"Repas du soir carotte Babybio bio 12 mois Maïs Quinoa - 230g","p":1.48,"u":"6,43 €/KG","img":"https://fd8-photos.leclercdrive.fr/image.ashx?id=2875387&use=l&cat=p&typeid=i","cat":312239},{"id":57720,"n":"Repas bébé Babybio - 8 mois Pomme de terre/Chevre - 2x200g","p":2.21,"u":"5,53 €/KG","img":"https://fd8-photos.leclercdrive.fr/image.ashx?id=2827524&use=l&cat=p&typeid=i","cat":312235},{"id":57742,"n":"Lait croissance Guigoz Gest 3e âge - dès 12 mois - 800g","p":12.93,"u":"16,16 €/KG","img":"https://fd8-photos.leclercdrive.fr/image.ashx?id=2895023&use=l&cat=p&typeid=i","cat":290219},{"id":57760,"n":"Assiette bébé soir bio Babybio Aubergine pâtes -15 mois- 260g","p":1.6,"u":"6,15 €/KG","img":"https://fd8-photos.leclercdrive.fr/image.ashx?id=2855912&use=l&cat=p&typeid=i","cat":312239},{"id":57763,"n":"Pâtes Serpentini Panzani 3 Minutes - 500g","p":1.04,"u":"2,08 €/KG","img":"https://fd8-photos.leclercdrive.fr/image.ashx?id=2896078&use=l&cat=p&typeid=i","cat":284427},{"id":57764,"n":"Pâtes Farfalle Panzani  3 Minutes - 500G","p":1.37,"u":"2,74 €/KG","img":"https://fd8-photos.leclercdrive.fr/image.ashx?id=2896090&use=l&cat=p&typeid=i","cat":284427},{"id":57767,"n":"Tablette de chocolat noir Lindt Framboise intense - 100g","p":2.39,"u":"23,90 €/KG","img":"https://fd8-photos.leclercdrive.fr/image.ashx?id=2689484&use=l&cat=p&typeid=i","cat":318654},{"id":57768,"n":"Tablette de chocolat noir Lindt Sésame grillé - 100g","p":2.39,"u":"23,90 €/KG","img":"https://fd8-photos.leclercdrive.fr/image.ashx?id=2689490&use=l&cat=p&typeid=i","cat":284956},{"id":57772,"n":"Chocolat noir Lindt Création Menthe frappée - 150g","p":2.95,"u":"19,67 €/KG","img":"https://fd8-photos.leclercdrive.fr/image.ashx?id=2685817&use=l&cat=p&typeid=i","cat":284956},{"id":57779,"n":"Capsules café Plantation Espresso n°5 - x16 - 92g","p":2.69,"u":"29,24 €/KG","img":"https://fd8-photos.leclercdrive.fr/image.ashx?id=2649729&use=l&cat=p&typeid=i","cat":293239},{"id":57782,"n":"Capsules café Plantation Cappuccino - 2x8 - 166g","p":3.45,"u":"20,78 €/KG","img":"https://fd8-photos.leclercdrive.fr/image.ashx?id=2856558&use=l&cat=p&typeid=i","cat":293239},{"id":57783,"n":"Capsules café Plantation Espresso forte n°7 - x16 - 105g","p":2.99,"u":"28,48 €/KG","img":"https://fd8-photos.leclercdrive.fr/image.ashx?id=2649732&use=l&cat=p&typeid=i","cat":293239},{"id":57785,"n":"Capsules café Plantation Lungo n°6 - x16 - 99.2g","p":2.69,"u":"27,17 €/KG","img":"https://fd8-photos.leclercdrive.fr/image.ashx?id=2649735&use=l&cat=p&typeid=i","cat":293239},{"id":57786,"n":"Capsules café Plantation Gigante n°5 - x16 - 112g","p":2.99,"u":"26,70 €/KG","img":"https://fd8-photos.leclercdrive.fr/image.ashx?id=2649738&use=l&cat=p&typeid=i","cat":293239},{"id":57787,"n":"Céréales Jordans Country Crisp 4 Noix - 850g","p":5.05,"u":"5,94 €/KG","img":"https://fd8-photos.leclercdrive.fr/image.ashx?id=2860520&use=l&cat=p&typeid=i","cat":309512},{"id":57796,"n":"Bonbons KINDER Schoko-Bons Chocolat au lait - 300G","p":5.14,"u":"17,13 €/KG","img":"https://fd8-photos.leclercdrive.fr/image.ashx?id=2439692&use=l&cat=p&typeid=i","cat":304238},{"id":57804,"n":"Tomato Ketchup Heinz - 570g","p":2.25,"u":"3,95 €/KG","img":"https://fd8-photos.leclercdrive.fr/image.ashx?id=2924944&use=l&cat=p&typeid=i","cat":284455},{"id":57812,"n":"Petits pots bébé P'TITE RECETTE Couscous 8M+ - 2x200g","p":1.81,"u":"4,53 €/KG","img":"https://fd8-photos.leclercdrive.fr/image.ashx?id=2525696&use=l&cat=p&typeid=i","cat":312236},{"id":57813,"n":"Petits pots bébé P'TITE RECETTE Poulet Basquais 15M+ - 2 x 200g","p":1.88,"u":"4,70 €/KG","img":"https://fd8-photos.leclercdrive.fr/image.ashx?id=2737042&use=l&cat=p&typeid=i","cat":312238},{"id":57814,"n":"Petits pots bébé P'TITE RECETTE Hachis Parmentier 8M+ - 2x200g","p":1.89,"u":"4,73 €/KG","img":"https://fd8-photos.leclercdrive.fr/image.ashx?id=2629689&use=l&cat=p&typeid=i","cat":312236},{"id":57815,"n":"Petits pots bébé P'TITE RECETTE Spaghetti bolognaise 8m -2x200g","p":1.92,"u":"4,80 €/KG","img":"https://fd8-photos.leclercdrive.fr/image.ashx?id=2629683&use=l&cat=p&typeid=i","cat":312236},{"id":57816,"n":"Petits pots bébé P'TITE RECETTE Pot au feu 8M+ - 2x200g","p":1.88,"u":"4,70 €/KG","img":"https://fd8-photos.leclercdrive.fr/image.ashx?id=2518415&use=l&cat=p&typeid=i","cat":312236},{"id":57821,"n":"Petits pots bébé PTIT SOUPER pâtes courgettes 6M+ - 2x200g","p":1.76,"u":"4,40 €/KG","img":"https://fd8-photos.leclercdrive.fr/image.ashx?id=2526523&use=l&cat=p&typeid=i","cat":312239},{"id":57823,"n":"Petits pots bébé P'TIT SOUPER Carottes semoule 6M+ - 2x200g","p":1.76,"u":"4,40 €/KG","img":"https://fd8-photos.leclercdrive.fr/image.ashx?id=2527109&use=l&cat=p&typeid=i","cat":312239},{"id":57824,"n":"Petits pots bébé P'TIT SOUPER Risotto carottes 12M+ - 2x200g","p":1.76,"u":"4,40 €/KG","img":"https://fd8-photos.leclercdrive.fr/image.ashx?id=2526526&use=l&cat=p&typeid=i","cat":312239},{"id":57883,"n":"Petits pots bébé P'TITE RECETTE  riz dinde 12M+ - 2x200g","p":1.92,"u":"4,80 €/KG","img":"https://fd8-photos.leclercdrive.fr/image.ashx?id=2629686&use=l&cat=p&typeid=i","cat":312237},{"id":57953,"n":"Papier cuisson Albal x16 feuilles","p":2.87,"img":"https://fd8-photos.leclercdrive.fr/image.ashx?id=2551447&use=l&cat=p&typeid=i","cat":334134},{"id":57956,"n":"Serviettes fuites urinaires  TENA Discreet - Mini - x20","p":4.02,"u":"0,20 €/P","img":"https://fd8-photos.leclercdrive.fr/image.ashx?id=2597241&use=l&cat=p&typeid=i","cat":284628},{"id":57958,"n":"Eau de toilette Alix De Faure Nature de feu - 100ml","p":4.55,"u":"45,50 €/L","img":"https://fd8-photos.leclercdrive.fr/image.ashx?id=2741300&use=l&cat=p&typeid=i","cat":287740},{"id":57961,"n":"Eau de toilette Alix de Faure Nature sport - 100ml","p":4.55,"u":"45,50 €/L","img":"https://fd8-photos.leclercdrive.fr/image.ashx?id=2741294&use=l&cat=p&typeid=i","cat":287740},{"id":57962,"n":"Eau de toilette Alix de Faure Sao Paulo - 100ml","p":4.99,"u":"49,90 €/L","img":"https://fd8-photos.leclercdrive.fr/image.ashx?id=2645263&use=l&cat=p&typeid=i","cat":291525},{"id":58119,"n":"Madeleines longue pépites sucre Le Ster x20 - 250g","p":2.04,"u":"8,16 €/KG","img":"https://fd8-photos.leclercdrive.fr/image.ashx?id=2962566&use=l&cat=p&typeid=i","cat":284492},{"id":58125,"n":"flan dany chocolat 4x100g","p":1.59,"u":"3,98 €/KG","img":"https://fd8-photos.leclercdrive.fr/image.ashx?id=2132316&use=l&cat=p&typeid=i","cat":284414},{"id":58141,"n":"Lentilles corail Bio Village Bio - 450g","p":1.97,"u":"4,38 €/KG","img":"https://fd8-photos.leclercdrive.fr/image.ashx?id=3002665&use=l&cat=p&typeid=i","cat":284430},{"id":58142,"n":"Confiture extra bio Bio Village Cassis - 370g","p":2.59,"u":"7,00 €/KG","img":"https://fd8-photos.leclercdrive.fr/image.ashx?id=2459587&use=l&cat=p&typeid=i","cat":284480},{"id":58143,"n":"Soin de jour L'Oréal Paris Age Perfect anti-âge - 50ml","p":11.97,"pp":7.9,"u":"158,00 €/L","img":"https://fd8-photos.leclercdrive.fr/image.ashx?id=2769744&use=l&cat=p&typeid=i","cat":325345},{"id":58156,"n":"Manche acier Elephant  Anti-glisse - x1","p":4.25,"img":"https://fd8-photos.leclercdrive.fr/image.ashx?id=2571476&use=l&cat=p&typeid=i","cat":284669},{"id":58159,"n":"Lavette Elephant Microfibre multi-usage","p":3.3,"img":"https://fd8-photos.leclercdrive.fr/image.ashx?id=2571479&use=l&cat=p&typeid=i","cat":284667},{"id":58191,"n":"Lait croissance Éveil Lactel Nature - 8x1L","p":13.73,"u":"1,72 €/L","img":"https://fd8-photos.leclercdrive.fr/image.ashx?id=2628872&use=l&cat=p&typeid=i","cat":284728},{"id":58201,"n":"Désodorisant Bien Air  Senteur muguet - 300ml","p":1.09,"u":"3,63 €/L","img":"https://fd8-photos.leclercdrive.fr/image.ashx?id=2607942&use=l&cat=p&typeid=i","cat":311626},{"id":58202,"n":"Désodorisant Bien Air Floral - 300ml","p":1.09,"u":"3,63 €/L","img":"https://fd8-photos.leclercdrive.fr/image.ashx?id=2614573&use=l&cat=p&typeid=i","cat":311626},{"id":58203,"n":"Désodorisant Bien Air  Fruits rouges - 300ml","p":1.35,"u":"4,50 €/L","img":"https://fd8-photos.leclercdrive.fr/image.ashx?id=2613723&use=l&cat=p&typeid=i","cat":311626},{"id":58205,"n":"Désodorisant Bien Air Vanille - 300ml","p":1.09,"u":"3,63 €/L","img":"https://fd8-photos.leclercdrive.fr/image.ashx?id=2613726&use=l&cat=p&typeid=i","cat":311626},{"id":58206,"n":"Désodorisant Bien Air Agrume, anti-tabac - 300ml","p":1.15,"u":"3,83 €/L","img":"https://fd8-photos.leclercdrive.fr/image.ashx?id=2613729&use=l&cat=p&typeid=i","cat":311626},{"id":58210,"n":"Galettes de céréales Céréal Bio Sarrasin & Comté Bio - 200g","p":2.76,"u":"13,80 €/KG","img":"https://fd8-photos.leclercdrive.fr/image.ashx?id=2624281&use=l&cat=p&typeid=i","cat":316036},{"id":58214,"n":"Carré gourmand Garden Gourmet Tomates et mozzarella 160g","p":2.39,"u":"14,94 €/KG","img":"https://fd8-photos.leclercdrive.fr/image.ashx?id=3009107&use=l&cat=p&typeid=i","cat":316036},{"id":58218,"n":"Croissants Côté Table Jambon emmental - 2x170g","p":2.92,"u":"8,59 €/KG","img":"https://fd8-photos.leclercdrive.fr/image.ashx?id=2885128&use=l&cat=p&typeid=i","cat":333671},{"id":58220,"n":"Quenelles Côté Table x6 - 240g","p":1.21,"u":"5,04 €/KG","img":"https://fd8-photos.leclercdrive.fr/image.ashx?id=2858836&use=l&cat=p&typeid=i","cat":333682},{"id":58221,"n":"Feuilles de filo Tablier Blanc 250g","p":1.91,"u":"7,64 €/KG","img":"https://fd8-photos.leclercdrive.fr/image.ashx?id=1938591&use=l&cat=p&typeid=i","cat":333681},{"id":58222,"n":"Nuggets Côté Croc Fromage - 180g","p":1.84,"u":"10,22 €/KG","img":"https://fd8-photos.leclercdrive.fr/image.ashx?id=2462260&use=l&cat=p&typeid=i","cat":333684},{"id":58232,"n":"Pâte feuilletée Tablier Blanc Rectangulaire - 230g","p":1.14,"u":"4,96 €/KG","img":"https://fd8-photos.leclercdrive.fr/image.ashx?id=2635931&use=l&cat=p&typeid=i","cat":333681},{"id":58365,"n":"Tartelettes Chocolat P'tit Déli Fourrées au lait - 225g","p":1.39,"u":"6,18 €/KG","img":"https://fd8-photos.leclercdrive.fr/image.ashx?id=2523715&use=l&cat=p&typeid=i","cat":284488},{"id":58425,"n":"Chips Lay's Saveur crème oignon - 120g","p":1.59,"u":"13,25 €/KG","img":"https://fd8-photos.leclercdrive.fr/image.ashx?id=3011137&use=l&cat=p&typeid=i","cat":284447},{"id":58428,"n":"Sachet fraicheur chat Sheba Boeuf poulet en sauce - 6x50g","p":2.75,"u":"9,17 €/KG","img":"https://fd8-photos.leclercdrive.fr/image.ashx?id=2895927&use=l&cat=p&typeid=i","cat":285286},{"id":58444,"n":"Cacahuètes Benenuts-Twinuts Nature format familial - 260g","p":1.97,"u":"7,58 €/KG","img":"https://fd8-photos.leclercdrive.fr/image.ashx?id=2967744&use=l&cat=p&typeid=i","cat":284448},{"id":58449,"n":"Tomates pelées entières D'aucy 238g","p":0.99,"u":"4,16 €/KG","img":"https://fd8-photos.leclercdrive.fr/image.ashx?id=2503425&use=l&cat=p&typeid=i","cat":312608},{"id":58450,"n":"Tomates pelées entières D'aucy 476g","p":1.92,"u":"4,03 €/KG","img":"https://fd8-photos.leclercdrive.fr/image.ashx?id=2751996&use=l&cat=p&typeid=i","cat":312608},{"id":58451,"n":"Sachets repas chats Gourmet Mon Petit - Poisson - 6x50g","p":2.48,"u":"8,27 €/KG","img":"https://fd8-photos.leclercdrive.fr/image.ashx?id=2899686&use=l&cat=p&typeid=i","cat":285286},{"id":58457,"n":"Sachet repas chats Gourmet 12x85g","p":7.19,"u":"7,05 €/KG","img":"https://fd8-photos.leclercdrive.fr/image.ashx?id=2901124&use=l&cat=p&typeid=i","cat":285286},{"id":58459,"n":"Croquettes chat Purina One Adulte - Boeuf/Céréales - 1.5Kg","p":7.25,"u":"4,83 €/KG","img":"https://fd8-photos.leclercdrive.fr/image.ashx?id=2433548&use=l&cat=p&typeid=i","cat":284680},{"id":58460,"n":"Croquettes chat Purina One Boules de poils - Poulet -1.5Kg","p":8.36,"u":"5,57 €/KG","img":"https://fd8-photos.leclercdrive.fr/image.ashx?id=2868527&use=l&cat=p&typeid=i","cat":284680},{"id":58463,"n":"Gâche tranchée La Fournée Dorée 500g","p":2.45,"u":"4,90 €/KG","img":"https://fd8-photos.leclercdrive.fr/image.ashx?id=2277956&use=l&cat=p&typeid=i","cat":284478},{"id":58487,"n":"Croquettes chat Purina One Poulet - 11 ans et + - 1,5Kg","p":8.22,"u":"5,48 €/KG","img":"https://fd8-photos.leclercdrive.fr/image.ashx?id=2433575&use=l&cat=p&typeid=i","cat":284680},{"id":58491,"n":"Briochettes Navettes La Fournée dorée x8 - 400g","p":2.45,"u":"6,13 €/KG","img":"https://fd8-photos.leclercdrive.fr/image.ashx?id=2842777&use=l&cat=p&typeid=i","cat":284478},{"id":58496,"n":"Bière blonde Heineken 6x33cl","p":7.39,"u":"3,73 €/L","img":"https://fd8-photos.leclercdrive.fr/image.ashx?id=3008107&use=l&cat=p&typeid=i","cat":334873},{"id":58502,"n":"Croquettes chat Purina One Stérilisé Adulte-Dinde/Blé -3kg","p":15.92,"u":"5,31 €/KG","img":"https://fd8-photos.leclercdrive.fr/image.ashx?id=2488055&use=l&cat=p&typeid=i","cat":284680},{"id":58505,"n":"Bière blonde Heineken Sans alcool - 6x25cl","p":4.49,"u":"2,99 €/L","img":"https://fd8-photos.leclercdrive.fr/image.ashx?id=2948528&use=l&cat=p&typeid=i","cat":334877},{"id":58511,"n":"Salami Danois fumé Eco+ 20 tranches - 200g","p":1.09,"u":"5,45 €/KG","img":"https://fd8-photos.leclercdrive.fr/image.ashx?id=1182370&use=l&cat=p&typeid=i","cat":316007},{"id":58518,"n":"Tortellini à la viande Eco+ 500g","p":1.74,"u":"3,48 €/KG","img":"https://fd8-photos.leclercdrive.fr/image.ashx?id=2606795&use=l&cat=p&typeid=i","cat":333682},{"id":58525,"n":"Salade choux rouge  Menu fraîcheur - 300g","p":1.81,"u":"6,03 €/KG","img":"https://fd8-photos.leclercdrive.fr/image.ashx?id=2901458&use=l&cat=p&typeid=i","cat":333657},{"id":58548,"n":"Sachets repas chats Purina One Sauce boeuf poulet x4 - 340g","p":1.83,"u":"5,38 €/KG","img":"https://fd8-photos.leclercdrive.fr/image.ashx?id=2468239&use=l&cat=p&typeid=i","cat":285286},{"id":58577,"n":"Dessert bébé lacté Blédina 6m Abricot - 6x55g","p":1.49,"u":"4,52 €/KG","img":"https://fd8-photos.leclercdrive.fr/image.ashx?id=2952448&use=l&cat=p&typeid=i","cat":312392},{"id":58578,"n":"Dessert bébé lacté Blédina 6m Fraise - 6x55g","p":2.09,"u":"6,33 €/KG","img":"https://fd8-photos.leclercdrive.fr/image.ashx?id=2952451&use=l&cat=p&typeid=i","cat":312392},{"id":58610,"n":"Brocolis cuits Notre Jardin 750g","p":1.79,"u":"2,39 €/KG","img":"https://fd8-photos.leclercdrive.fr/image.ashx?id=2873153&use=l&cat=p&typeid=i","cat":319805},{"id":58618,"n":"Tarte Côté Table Saumon Poireau - 400g","p":3.09,"u":"7,73 €/KG","img":"https://fd8-photos.leclercdrive.fr/image.ashx?id=2791821&use=l&cat=p&typeid=i","cat":284257},{"id":58625,"n":"Cœurs de palmiers Géant Vert - 220g","p":3.55,"u":"16,14 €/KG","img":"https://fd8-photos.leclercdrive.fr/image.ashx?id=2840560&use=l&cat=p&typeid=i","cat":312611},{"id":58626,"n":"Coeurs d'artichauts Géant Vert - 240g","p":2.65,"u":"11,04 €/KG","img":"https://fd8-photos.leclercdrive.fr/image.ashx?id=2840566&use=l&cat=p&typeid=i","cat":312611},{"id":58628,"n":"Galettes riz bio bjorg  Complet  - 130g","p":1.55,"u":"11,92 €/KG","img":"https://fd8-photos.leclercdrive.fr/image.ashx?id=2978002&use=l&cat=p&typeid=i","cat":318651},{"id":58650,"n":"Pizza Merveillosa Turini 4 fromages - 340g","p":2.11,"u":"6,21 €/KG","img":"https://fd8-photos.leclercdrive.fr/image.ashx?id=3010428&use=l&cat=p&typeid=i","cat":284256},{"id":58651,"n":"Pizza bords fourrés au fromage  Turini 3 fromages - 450g","p":4.15,"u":"9,22 €/KG","img":"https://fd8-photos.leclercdrive.fr/image.ashx?id=2816582&use=l&cat=p&typeid=i","cat":284256},{"id":58655,"n":"Poêlée fermière Notre Jardin 750g","p":2.89,"u":"3,85 €/KG","img":"https://fd8-photos.leclercdrive.fr/image.ashx?id=2878597&use=l&cat=p&typeid=i","cat":319823},{"id":58676,"n":"Saucisses fumées Férial x4 - 360g","p":4.05,"u":"11,25 €/KG","img":"https://fd8-photos.leclercdrive.fr/image.ashx?id=2693156&use=l&cat=p&typeid=i","cat":316012},{"id":58682,"n":"Myrtilles Fruistar 650g","p":5.99,"u":"9,22 €/KG","img":"https://fd8-photos.leclercdrive.fr/image.ashx?id=2072620&use=l&cat=p&typeid=i","cat":284268},{"id":58685,"n":"Jambon Speck Saint Azay 100g","p":2.39,"u":"23,90 €/KG","img":"https://fd8-photos.leclercdrive.fr/image.ashx?id=2856739&use=l&cat=p&typeid=i","cat":316007},{"id":58686,"n":"Mini moelleux au chocolat Autour du Dessert - 8x24g","p":4.79,"u":"24,95 €/KG","img":"https://fd8-photos.leclercdrive.fr/image.ashx?id=2070045&use=l&cat=p&typeid=i","cat":284267},{"id":58689,"n":"Magret de canard Sud Ouest NRT Piment Espelette - 90g","p":3.99,"u":"44,33 €/KG","img":"https://fd8-photos.leclercdrive.fr/image.ashx?id=2988963&use=l&cat=p&typeid=i","cat":284339},{"id":58715,"n":"Mini croque monsieur Côté Table x20 - 240g","p":4.64,"u":"19,33 €/KG","img":"https://fd8-photos.leclercdrive.fr/image.ashx?id=2217167&use=l&cat=p&typeid=i","cat":319774},{"id":58716,"n":"Duo de Courgettes Notre Jardin Tomates - 900g","p":2.45,"u":"2,72 €/KG","img":"https://fd8-photos.leclercdrive.fr/image.ashx?id=2404290&use=l&cat=p&typeid=i","cat":319823},{"id":58740,"n":"Haché à cuisiner Charal Happy Family - 600g","p":8.13,"u":"13,55 €/KG","img":"https://fd8-photos.leclercdrive.fr/image.ashx?id=2977330&use=l&cat=p&typeid=i","cat":319779},{"id":58741,"n":"Fèves non pelées Notre Jardin 1kg","p":3.49,"u":"3,49 €/KG","img":"https://fd8-photos.leclercdrive.fr/image.ashx?id=2873147&use=l&cat=p&typeid=i","cat":319805},{"id":58826,"n":"Viande hachée 5% MG Férial 500g","p":8.09,"u":"16,18 €/KG","img":"https://fd8-photos.leclercdrive.fr/image.ashx?id=2903995&use=l&cat=p&typeid=i","cat":284332},{"id":58944,"n":"Yaourts à boire Actimel Nature - 12x100g","p":3.83,"u":"3,19 €/KG","img":"https://fd8-photos.leclercdrive.fr/image.ashx?id=2996461&use=l&cat=p&typeid=i","cat":284415},{"id":58946,"n":"Yaourts à boire Actimel Multifruits - 8x100g","p":3.39,"u":"4,24 €/KG","img":"https://fd8-photos.leclercdrive.fr/image.ashx?id=2996464&use=l&cat=p&typeid=i","cat":284415},{"id":58950,"n":"Yaourts à boire Actimel nature 0%mg - 8x100g","p":3.45,"u":"4,31 €/KG","img":"https://fd8-photos.leclercdrive.fr/image.ashx?id=2996470&use=l&cat=p&typeid=i","cat":284415},{"id":58952,"n":"Yaourts à boire Actimel framboise fruit rouge - 12x100g","p":4.99,"u":"4,16 €/KG","img":"https://fd8-photos.leclercdrive.fr/image.ashx?id=2996476&use=l&cat=p&typeid=i","cat":284415},{"id":59027,"n":"Dessert fruitier bio Jardin Bio Pomme nature - 680g","p":2.26,"u":"3,32 €/KG","img":"https://fd8-photos.leclercdrive.fr/image.ashx?id=2999297&use=l&cat=p&typeid=i","cat":284508},{"id":59041,"n":"Céréales Extra Kellogg's Chocolat au lait - 800g","p":5.09,"u":"6,36 €/KG","img":"https://fd8-photos.leclercdrive.fr/image.ashx?id=2694941&use=l&cat=p&typeid=i","cat":309512},{"id":59235,"n":"Café dosettes Tassimo L'Or Café Long Classique x24","p":6.75,"u":"43,27 €/KG","img":"https://fd8-photos.leclercdrive.fr/image.ashx?id=2100356&use=l&cat=p&typeid=i","cat":293240},{"id":59242,"n":"Gourde bébé Babybio Bio 6 mois Abricot/banane/pomme - 360g","p":2.89,"u":"8,03 €/KG","img":"https://fd8-photos.leclercdrive.fr/image.ashx?id=2850548&use=l&cat=p&typeid=i","cat":312393},{"id":59249,"n":"Huile de coco Jardin Bio Bio - 200ml","p":2.88,"u":"14,40 €/L","img":"https://fd8-photos.leclercdrive.fr/image.ashx?id=2790135&use=l&cat=p&typeid=i","cat":284453},{"id":59251,"n":"Ravioli Jardin Bio  Bio légumes - 250g","p":1.77,"u":"7,08 €/KG","img":"https://fd8-photos.leclercdrive.fr/image.ashx?id=2535568&use=l&cat=p&typeid=i","cat":287600},{"id":59252,"n":"Café dosettes Tassimo Maxwell House - caramel x8","p":6.15,"u":"22,95 €/KG","img":"https://fd8-photos.leclercdrive.fr/image.ashx?id=2100254&use=l&cat=p&typeid=i","cat":293240},{"id":59253,"n":"Café dosettes Tassimo L'Or Petit Déjeuner Classique x24","p":7.65,"u":"38,44 €/KG","img":"https://fd8-photos.leclercdrive.fr/image.ashx?id=2100365&use=l&cat=p&typeid=i","cat":293240},{"id":59257,"n":"Café dosettes Tassimo Grand-mère - petit déjeuner x16","p":3.79,"u":"28,50 €/KG","img":"https://fd8-photos.leclercdrive.fr/image.ashx?id=2100359&use=l&cat=p&typeid=i","cat":293240},{"id":59271,"n":"Sauce tomate cuisinée Panzani Ail et oignon - 500g","p":1.75,"u":"3,50 €/KG","img":"https://fd8-photos.leclercdrive.fr/image.ashx?id=2884303&use=l&cat=p&typeid=i","cat":288384},{"id":59277,"n":"Bonbons acidulés têtes brûlées Fraise/framboise-kitache-135g","p":1.23,"u":"9,11 €/KG","img":"https://fd8-photos.leclercdrive.fr/image.ashx?id=3008650&use=l&cat=p&typeid=i","cat":304250},{"id":59284,"n":"Maoam Mixx Haribo Sachet bonbons - 250g","p":1.99,"u":"7,96 €/KG","img":"https://fd8-photos.leclercdrive.fr/image.ashx?id=2876956&use=l&cat=p&typeid=i","cat":304250},{"id":59287,"n":"Cornichons Rustica 6 épices - 360g","p":2.29,"u":"6,36 €/KG","img":"https://fd8-photos.leclercdrive.fr/image.ashx?id=2916710&use=l&cat=p&typeid=i","cat":284458},{"id":59291,"n":"Sauce bolognaise Bio Village  Bio - 350g","p":1.69,"u":"4,83 €/KG","img":"https://fd8-photos.leclercdrive.fr/image.ashx?id=2753381&use=l&cat=p&typeid=i","cat":287599},{"id":59292,"n":"Œufs au plat Haribo Sachet bonbons - 300g","p":1.85,"u":"6,17 €/KG","img":"https://fd8-photos.leclercdrive.fr/image.ashx?id=2984892&use=l&cat=p&typeid=i","cat":304250},{"id":59293,"n":"Sauce provençale Bio Village  Bio - 350g","p":1.63,"u":"4,66 €/KG","img":"https://fd8-photos.leclercdrive.fr/image.ashx?id=2712995&use=l&cat=p&typeid=i","cat":287599},{"id":59296,"n":"Sauce tomate Bio Village  Basilic bio - 350g","p":1.63,"u":"4,66 €/KG","img":"https://fd8-photos.leclercdrive.fr/image.ashx?id=2696289&use=l&cat=p&typeid=i","cat":287599},{"id":59299,"n":"Bonbons KINDER Schoko-Bons Chocolat au lait - 225G","p":3.82,"u":"16,98 €/KG","img":"https://fd8-photos.leclercdrive.fr/image.ashx?id=2679633&use=l&cat=p&typeid=i","cat":304238},{"id":59305,"n":"Sauce American Burger Heinz - 230g","p":1.84,"u":"8,00 €/KG","img":"https://fd8-photos.leclercdrive.fr/image.ashx?id=2973354&use=l&cat=p&typeid=i","cat":318431},{"id":59307,"n":"Miami Pik Haribo Sachet bonbons acidulés - 200g","p":1.55,"u":"7,75 €/KG","img":"https://fd8-photos.leclercdrive.fr/image.ashx?id=2984895&use=l&cat=p&typeid=i","cat":304250},{"id":59311,"n":"Olives Apéro Tramier  À l'Ail 150g","p":2.05,"u":"13,67 €/KG","img":"https://fd8-photos.leclercdrive.fr/image.ashx?id=2639299&use=l&cat=p&typeid=i","cat":284458},{"id":59314,"n":"Huile d'Olive Tramier  Vierge Extra Biologique 75cl","p":6.67,"u":"8,89 €/L","img":"https://fd8-photos.leclercdrive.fr/image.ashx?id=2803916&use=l&cat=p&typeid=i","cat":284453},{"id":59318,"n":"Caserecce Tradizioni d'Italia N°168 - 500g","p":1.69,"u":"3,38 €/KG","img":"https://fd8-photos.leclercdrive.fr/image.ashx?id=2657313&use=l&cat=p&typeid=i","cat":284427},{"id":59319,"n":"Penne rigate Tradizioni Italia N°133 - 500g","p":1.52,"u":"3,04 €/KG","img":"https://fd8-photos.leclercdrive.fr/image.ashx?id=2657316&use=l&cat=p&typeid=i","cat":284427},{"id":59324,"n":"Pipe rigate Tradizioni d'Italia N°179 - 500g","p":1.59,"u":"3,18 €/KG","img":"https://fd8-photos.leclercdrive.fr/image.ashx?id=2657319&use=l&cat=p&typeid=i","cat":284427},{"id":59327,"n":"Pâtes de fruits St Siffrein  4 saisons - 720g","p":3.54,"u":"4,92 €/KG","img":"https://fd8-photos.leclercdrive.fr/image.ashx?id=2504176&use=l&cat=p&typeid=i","cat":304249},{"id":59336,"n":"Barquette chien Cesar Terrine poulet - 300g","p":1.53,"u":"5,10 €/KG","img":"https://fd8-photos.leclercdrive.fr/image.ashx?id=2091323&use=l&cat=p&typeid=i","cat":284673},{"id":59339,"n":"Barquette chien sénior Cesar Terrine en gelée - 4x150g","p":4.09,"u":"6,82 €/KG","img":"https://fd8-photos.leclercdrive.fr/image.ashx?id=2091320&use=l&cat=p&typeid=i","cat":284673},{"id":59340,"n":"Barquette chien Cesar Terrine cœur légumes - 4x150g","p":3.66,"u":"6,10 €/KG","img":"https://fd8-photos.leclercdrive.fr/image.ashx?id=2091317&use=l&cat=p&typeid=i","cat":284673},{"id":59341,"n":"Barquette chien Cesar Terrine du jardin - 4x150g","p":3.69,"u":"6,15 €/KG","img":"https://fd8-photos.leclercdrive.fr/image.ashx?id=2091314&use=l&cat=p&typeid=i","cat":284673},{"id":59343,"n":"Pâtes Tradizioni d'Italia Linguine n°121 - 500g","p":1.52,"u":"3,04 €/KG","img":"https://fd8-photos.leclercdrive.fr/image.ashx?id=2657322&use=l&cat=p&typeid=i","cat":284427},{"id":59344,"n":"Barquette chien Cesar Terrine du jardin - 4x300g","p":6.69,"u":"5,58 €/KG","img":"https://fd8-photos.leclercdrive.fr/image.ashx?id=2091308&use=l&cat=p&typeid=i","cat":284673},{"id":59345,"n":"Rigatoni Tradizioni d'Italia N°124 - 500g","p":1.69,"u":"3,38 €/KG","img":"https://fd8-photos.leclercdrive.fr/image.ashx?id=2657325&use=l&cat=p&typeid=i","cat":284427},{"id":59348,"n":"Taralli pouille Huile d'olive - 400g","p":3.08,"u":"7,70 €/KG","img":"https://fd8-photos.leclercdrive.fr/image.ashx?id=2670524&use=l&cat=p&typeid=i","cat":297000},{"id":59382,"n":"Grissini Grangrissi 300g","p":2.61,"u":"8,70 €/KG","img":"https://fd8-photos.leclercdrive.fr/image.ashx?id=2743927&use=l&cat=p&typeid=i","cat":297000},{"id":59426,"n":"Biscuits petit déjeuner Belvita Chocolat noisettes - 253g","p":2.12,"u":"8,38 €/KG","img":"https://fd8-photos.leclercdrive.fr/image.ashx?id=2346681&use=l&cat=p&typeid=i","cat":284491},{"id":59440,"n":"Haricot Vert Plat Cassegrain à la Provençale 375g","p":2.81,"u":"7,49 €/KG","img":"https://fd8-photos.leclercdrive.fr/image.ashx?id=2962080&use=l&cat=p&typeid=i","cat":312606},{"id":59478,"n":"Biscuits double crème Oréo  3x157g","p":3.23,"u":"6,86 €/KG","img":"https://fd8-photos.leclercdrive.fr/image.ashx?id=2938016&use=l&cat=p&typeid=i","cat":284488},{"id":59499,"n":"Bière Chouffe Blonde 75cl","p":5.25,"u":"7,00 €/L","img":"https://fd8-photos.leclercdrive.fr/image.ashx?id=2959199&use=l&cat=p&typeid=i","cat":334872},{"id":59539,"n":"Pêches Douceur du Verger Sirop léger - 230 g","p":1.26,"u":"5,48 €/KG","img":"https://fd8-photos.leclercdrive.fr/image.ashx?id=2666468&use=l&cat=p&typeid=i","cat":284507},{"id":59563,"n":"Galette de maïs GERBLE Chocolat au lait - 124g","p":1.75,"u":"14,11 €/KG","img":"https://fd8-photos.leclercdrive.fr/image.ashx?id=2664034&use=l&cat=p&typeid=i","cat":318651},{"id":59564,"n":"Galette riz chocolat Gerblé   Chocolat noir - 130,4g","p":1.99,"u":"15,31 €/KG","img":"https://fd8-photos.leclercdrive.fr/image.ashx?id=2664037&use=l&cat=p&typeid=i","cat":318651},{"id":59565,"n":"Pâte à tartiner Nustikao 1kg","p":4.25,"u":"4,25 €/KG","img":"https://fd8-photos.leclercdrive.fr/image.ashx?id=3012860&use=l&cat=p&typeid=i","cat":284481},{"id":59589,"n":"Boisson base vodka Eristoff Red 18° - 70cl","p":12.3,"u":"17,57 €/L","img":"https://fd8-photos.leclercdrive.fr/image.ashx?id=2858258&use=l&cat=p&typeid=i","cat":284550},{"id":59591,"n":"Boisson base vodka Eristoff Black 18° - 70cl","p":13.04,"u":"18,63 €/L","img":"https://fd8-photos.leclercdrive.fr/image.ashx?id=2842882&use=l&cat=p&typeid=i","cat":284550},{"id":59695,"n":"Yaourt à la grecque YAOS Vanille - 4x125g","p":2.89,"u":"5,78 €/KG","img":"https://fd8-photos.leclercdrive.fr/image.ashx?id=3007972&use=l&cat=p&typeid=i","cat":314999},{"id":59713,"n":"Gros cornichons Rustica  Aigre doux - 850g","p":2.69,"u":"3,16 €/KG","img":"https://fd8-photos.leclercdrive.fr/image.ashx?id=2916707&use=l&cat=p&typeid=i","cat":284458},{"id":59714,"n":"Cacahuètes Tokapi  Grillées à sec - 200g","p":0.78,"u":"3,90 €/KG","img":"https://fd8-photos.leclercdrive.fr/image.ashx?id=2799781&use=l&cat=p&typeid=i","cat":284448},{"id":59715,"n":"Double concentré de tomates Tube - 200g","p":1.35,"u":"6,75 €/KG","img":"https://fd8-photos.leclercdrive.fr/image.ashx?id=2072728&use=l&cat=p&typeid=i","cat":288384},{"id":59717,"n":"Saucisse grillée Purée pomme de terre La Cuisine d'Océane 300g","p":2.85,"u":"9,50 €/KG","img":"https://fd8-photos.leclercdrive.fr/image.ashx?id=2962338&use=l&cat=p&typeid=i","cat":284953},{"id":59718,"n":"Saumon tagliatelles D'Aucy Micro-ondes - 300g","p":2.59,"u":"8,63 €/KG","img":"https://fd8-photos.leclercdrive.fr/image.ashx?id=2117168&use=l&cat=p&typeid=i","cat":284953},{"id":59722,"n":"Crème légère semi-épaisse  Bridélice 18%mg - 3x20cl","p":2.46,"u":"4,10 €/L","img":"https://fd8-photos.leclercdrive.fr/image.ashx?id=2904733&use=l&cat=p&typeid=i","cat":284381},{"id":59725,"n":"Bâtonnets Surimi Saveur Coraya  x12 - 180g","p":2.36,"u":"13,11 €/KG","img":"https://fd8-photos.leclercdrive.fr/image.ashx?id=2962677&use=l&cat=p&typeid=i","cat":285189},{"id":59760,"n":"Lingettes liniment Biolane Oleo calcaire - x64","p":2.89,"img":"https://fd8-photos.leclercdrive.fr/image.ashx?id=2875378&use=l&cat=p&typeid=i","cat":284738},{"id":59761,"n":"Lingettes Lotus Baby Peau nette - x64","p":2.29,"u":"0,04 €/P","img":"https://fd8-photos.leclercdrive.fr/image.ashx?id=2904431&use=l&cat=p&typeid=i","cat":284738},{"id":59774,"n":"Sérum physiologique Biolane 30x5ml","p":3.39,"u":"22,60 €/L","img":"https://fd8-photos.leclercdrive.fr/image.ashx?id=2733232&use=l&cat=p&typeid=i","cat":284741},{"id":59832,"n":"Secret de crème Président Semi-épaisse 25%mg - 3x20cl","p":4.65,"u":"7,75 €/L","img":"https://fd8-photos.leclercdrive.fr/image.ashx?id=2699861&use=l&cat=p&typeid=i","cat":284381},{"id":60015,"n":"Pancakes Pasquier x10 - 350g","p":1.99,"u":"5,69 €/KG","img":"https://fd8-photos.leclercdrive.fr/image.ashx?id=2688878&use=l&cat=p&typeid=i","cat":284495},{"id":60029,"n":"Brioche Harrys Mini Tressée Nature au sucre perlé - 210g","p":2.19,"u":"10,43 €/KG","img":"https://fd8-photos.leclercdrive.fr/image.ashx?id=2667742&use=l&cat=p&typeid=i","cat":284478},{"id":60051,"n":"Gâteaux Lulu L'Ourson Fraise - 150g","p":1.69,"u":"11,27 €/KG","img":"https://fd8-photos.leclercdrive.fr/image.ashx?id=3008050&use=l&cat=p&typeid=i","cat":284495},{"id":60053,"n":"Végétal Falafels Garden Gourmet Pois chiches 190g","p":1.88,"u":"9,89 €/KG","img":"https://fd8-photos.leclercdrive.fr/image.ashx?id=2988686&use=l&cat=p&typeid=i","cat":316036},{"id":60068,"n":"Pavé Gourmand Garden Gourmet Courgettes Fromage 180g","p":3.32,"u":"18,44 €/KG","img":"https://fd8-photos.leclercdrive.fr/image.ashx?id=2973294&use=l&cat=p&typeid=i","cat":316036},{"id":60074,"n":"Monster Munch Salé - 2x85g","p":2.09,"u":"12,29 €/KG","img":"https://fd8-photos.leclercdrive.fr/image.ashx?id=2916869&use=l&cat=p&typeid=i","cat":284449},{"id":60115,"n":"Tofu aux herbes Céréal Bio Bio - 250g","p":2.86,"u":"11,44 €/KG","img":"https://fd8-photos.leclercdrive.fr/image.ashx?id=2624284&use=l&cat=p&typeid=i","cat":316036},{"id":60118,"n":"Ratatouille niçoise D'aucy  750g","p":1.71,"u":"2,28 €/KG","img":"https://fd8-photos.leclercdrive.fr/image.ashx?id=2665904&use=l&cat=p&typeid=i","cat":312612},{"id":60120,"n":"Yaourts Lait de chèvre Vrai Bio Nature - 2x125g","p":1.49,"u":"5,96 €/KG","img":"https://fd8-photos.leclercdrive.fr/image.ashx?id=2516284&use=l&cat=p&typeid=i","cat":314998},{"id":60124,"n":"Compotes Pom'Potes Gourdes  Pomme Nature - 4x90g","p":1.54,"u":"4,28 €/KG","img":"https://fd8-photos.leclercdrive.fr/image.ashx?id=2983003&use=l&cat=p&typeid=i","cat":284508},{"id":60138,"n":"Bûche de chèvre Bio Soignon 180g","p":3.29,"u":"18,28 €/KG","img":"https://fd8-photos.leclercdrive.fr/image.ashx?id=2676741&use=l&cat=p&typeid=i","cat":314031},{"id":60140,"n":"Falafels Céréal Bio  Pois chiches épinards Bio- 180g","p":3.65,"u":"20,28 €/KG","img":"https://fd8-photos.leclercdrive.fr/image.ashx?id=2657430&use=l&cat=p&typeid=i","cat":316036},{"id":60144,"n":"Lait demi-écrémé GrandLait Léger digeste Bouteille - 1L","p":1.25,"u":"1,25 €/L","img":"https://fd8-photos.leclercdrive.fr/image.ashx?id=2916174&use=l&cat=p&typeid=i","cat":285609},{"id":60150,"n":"Fromage l'Ortolan Bio Fromagerie Milleret - 250g","p":3.35,"u":"13,40 €/KG","img":"https://fd8-photos.leclercdrive.fr/image.ashx?id=2732866&use=l&cat=p&typeid=i","cat":314033},{"id":60165,"n":"Boisson végétale Alpro noisette - 1l","p":2.21,"u":"2,21 €/L","img":"https://fd8-photos.leclercdrive.fr/image.ashx?id=2849602&use=l&cat=p&typeid=i","cat":316067},{"id":60171,"n":"boisson végétale lait d'amande grillée alpro -1l","p":2.15,"u":"2,15 €/L","img":"https://fd8-photos.leclercdrive.fr/image.ashx?id=2988671&use=l&cat=p&typeid=i","cat":316067},{"id":60174,"n":"Madeleine Bonne Maman  Chocolat au lait x10 - 300g","p":3.59,"u":"11,97 €/KG","img":"https://fd8-photos.leclercdrive.fr/image.ashx?id=2949940&use=l&cat=p&typeid=i","cat":284492},{"id":60175,"n":"Madeleines St Michel  Oeuf en plein air - 1kg","p":3.52,"u":"3,52 €/KG","img":"https://fd8-photos.leclercdrive.fr/image.ashx?id=2936194&use=l&cat=p&typeid=i","cat":284492},{"id":60186,"n":"Gaufres Bonne Maman  x6 - 300g","p":3.29,"u":"10,97 €/KG","img":"https://fd8-photos.leclercdrive.fr/image.ashx?id=1927452&use=l&cat=p&typeid=i","cat":294777},{"id":60192,"n":"Pancakes Le Ster  x8 - 280g","p":2.37,"u":"8,46 €/KG","img":"https://fd8-photos.leclercdrive.fr/image.ashx?id=2827215&use=l&cat=p&typeid=i","cat":284495},{"id":60198,"n":"Moelleux Ker Cadélac Tout chocolat - 500g","p":3.25,"u":"6,50 €/KG","img":"https://fd8-photos.leclercdrive.fr/image.ashx?id=2164837&use=l&cat=p&typeid=i","cat":294776},{"id":60204,"n":"Crêpes de landerneau Le Ster Le pâtissier x12 - 300g","p":2.34,"u":"7,80 €/KG","img":"https://fd8-photos.leclercdrive.fr/image.ashx?id=2962860&use=l&cat=p&typeid=i","cat":284494},{"id":60258,"n":"AOP Côteaux Varois en Provence Rosé Estandon Lumière - 75cl","p":7.35,"u":"9,80 €/L","img":"https://fd8-photos.leclercdrive.fr/image.ashx?id=2889460&use=l&cat=p&typeid=i","cat":289558},{"id":60265,"n":"Laque satin classic Elnett Fixation normale - 2x300ml","p":16.26,"u":"27,10 €/L","img":"https://fd8-photos.leclercdrive.fr/image.ashx?id=2381754&use=l&cat=p&typeid=i","cat":284609},{"id":60276,"n":"Champagne Canard Duchêne Réserve Brut - 75cl","p":25.99,"u":"34,65 €/L","img":"https://fd8-photos.leclercdrive.fr/image.ashx?id=2757256&use=l&cat=p&typeid=i","cat":284542},{"id":60382,"n":"Soin de jour L'Oréal Paris Age Perfect anti-rides - 50ml","p":11.97,"pp":7.9,"u":"158,00 €/L","img":"https://fd8-photos.leclercdrive.fr/image.ashx?id=2860355&use=l&cat=p&typeid=i","cat":325345},{"id":60537,"n":"Purée surgelé  Bonduelle 4 saveurs  - 780g","p":3.25,"u":"4,17 €/KG","img":"https://fd8-photos.leclercdrive.fr/image.ashx?id=2996518&use=l&cat=p&typeid=i","cat":319805},{"id":60539,"n":"Purée delice Bonduelle  Courgette Céleri Brocoli - 780g","p":3.55,"u":"4,55 €/KG","img":"https://fd8-photos.leclercdrive.fr/image.ashx?id=2910043&use=l&cat=p&typeid=i","cat":319805},{"id":60587,"n":"Bûche de chèvre Président 180g","p":2.03,"u":"11,28 €/KG","img":"https://fd8-photos.leclercdrive.fr/image.ashx?id=2454088&use=l&cat=p&typeid=i","cat":314031},{"id":60588,"n":"Emmental Président 250g","p":2.93,"u":"11,72 €/KG","img":"https://fd8-photos.leclercdrive.fr/image.ashx?id=2752942&use=l&cat=p&typeid=i","cat":314034},{"id":60637,"n":"Matière grasse St Hubert 41 à tartiner - 38% MG - 500g","p":3.59,"u":"7,18 €/KG","img":"https://fd8-photos.leclercdrive.fr/image.ashx?id=2734147&use=l&cat=p&typeid=i","cat":315229},{"id":60656,"n":"Pâtes Alpina Savoie Coquillettes bio - 500g","p":1.46,"u":"2,92 €/KG","img":"https://fd8-photos.leclercdrive.fr/image.ashx?id=2844557&use=l&cat=p&typeid=i","cat":284427},{"id":60774,"n":"Bière blonde Leffe 6,6% - 6x25cl","p":4.99,"u":"3,33 €/L","img":"https://fd8-photos.leclercdrive.fr/image.ashx?id=2995421&use=l&cat=p&typeid=i","cat":334852},{"id":60777,"n":"Brique de brebis Lou Pérac Fromage de brebis - 150g","p":2.99,"u":"19,93 €/KG","img":"https://fd8-photos.leclercdrive.fr/image.ashx?id=2785154&use=l&cat=p&typeid=i","cat":314031},{"id":60778,"n":"Tranche Salakis Fromage de brebis - 200g","p":2.75,"u":"13,75 €/KG","img":"https://fd8-photos.leclercdrive.fr/image.ashx?id=2729710&use=l&cat=p&typeid=i","cat":314026},{"id":60886,"n":"Mozzarella Galbani 125g","p":1.04,"u":"8,32 €/KG","img":"https://fd8-photos.leclercdrive.fr/image.ashx?id=2765381&use=l&cat=p&typeid=i","cat":314026},{"id":60890,"n":"Chaussée aux moines 340g","p":3.45,"u":"10,15 €/KG","img":"https://fd8-photos.leclercdrive.fr/image.ashx?id=2830030&use=l&cat=p&typeid=i","cat":329184},{"id":60891,"n":"Camembert Président 250g","p":1.94,"u":"7,76 €/KG","img":"https://fd8-photos.leclercdrive.fr/image.ashx?id=2878873&use=l&cat=p&typeid=i","cat":314033},{"id":60892,"n":"Emmental râpé fondant Président 200g","p":2.09,"u":"10,45 €/KG","img":"https://fd8-photos.leclercdrive.fr/image.ashx?id=2488455&use=l&cat=p&typeid=i","cat":314035},{"id":60893,"n":"Brique fondante Président Fondante - 200g","p":2.31,"u":"11,55 €/KG","img":"https://fd8-photos.leclercdrive.fr/image.ashx?id=2652840&use=l&cat=p&typeid=i","cat":314033},{"id":60930,"n":"Thé Earl Grey Twinings x25 sachets - 50g","p":2.25,"u":"45,00 €/KG","img":"https://fd8-photos.leclercdrive.fr/image.ashx?id=2889817&use=l&cat=p&typeid=i","cat":293233},{"id":60931,"n":"Thé Ceylan Scotland Twinings x20 - 40g","p":2.99,"u":"74,75 €/KG","img":"https://fd8-photos.leclercdrive.fr/image.ashx?id=2893024&use=l&cat=p&typeid=i","cat":293233},{"id":60957,"n":"Boisson énergisante Red Bull Goût Myrtille, 250ml","p":1.3,"u":"5,20 €/L","img":"https://fd8-photos.leclercdrive.fr/image.ashx?id=2174528&use=l&cat=p&typeid=i","cat":284533},{"id":60974,"n":"Pur jus Tropicana Orange Pure Premium Sans pulpe - 1L","p":2.59,"u":"2,59 €/L","img":"https://fd8-photos.leclercdrive.fr/image.ashx?id=2586186&use=l&cat=p&typeid=i","cat":284521},{"id":60978,"n":"Roquefort AOP Société Fromage de brebis - 150g","p":2.89,"u":"19,27 €/KG","img":"https://fd8-photos.leclercdrive.fr/image.ashx?id=2729713&use=l&cat=p&typeid=i","cat":314032},{"id":61019,"n":"Camembert de Campagne Président 250g","p":2.55,"u":"10,20 €/KG","img":"https://fd8-photos.leclercdrive.fr/image.ashx?id=2892559&use=l&cat=p&typeid=i","cat":314033},{"id":61021,"n":"Risotto champignon poulet Marie 900g","p":4.89,"u":"5,43 €/KG","img":"https://fd8-photos.leclercdrive.fr/image.ashx?id=2996755&use=l&cat=p&typeid=i","cat":284254},{"id":61022,"n":"Tranches panés Findus Cabillaud MSC - x20 - 1.020kg","p":14.09,"u":"13,81 €/KG","img":"https://fd8-photos.leclercdrive.fr/image.ashx?id=2865860&use=l&cat=p&typeid=i","cat":319788},{"id":61079,"n":"Trésor Detector Dès 7 ans","p":26.9,"u":"Dont 0,07 € d'éco-part.","img":"https://fd8-photos.leclercdrive.fr/image.ashx?id=1724027&use=l&cat=p&typeid=i","cat":334378},{"id":61098,"n":"La ferme Abrick Dès 18 mois","p":27.08,"img":"https://fd8-photos.leclercdrive.fr/image.ashx?id=2377031&use=l&cat=p&typeid=i","cat":334380},{"id":61158,"n":"Commissariat + prison Playmobil Dès 4 ans","p":70.44,"img":"https://fd8-photos.leclercdrive.fr/image.ashx?id=2362005&use=l&cat=p&typeid=i","cat":334380},{"id":61166,"n":"Mousse Maronsui's La Laitière Crème de marrons 8x68,8g","p":3.45,"u":"6,27 €/KG","img":"https://fd8-photos.leclercdrive.fr/image.ashx?id=3010969&use=l&cat=p&typeid=i","cat":284417},{"id":61167,"n":"Crème légère épaisse Bridélice 15%mg - 497g","p":1.99,"u":"4,00 €/KG","img":"https://fd8-photos.leclercdrive.fr/image.ashx?id=2996578&use=l&cat=p&typeid=i","cat":284381},{"id":61169,"n":"Petit suisse NESQUIK Chocolat 6x60g","p":1.67,"u":"4,64 €/KG","img":"https://fd8-photos.leclercdrive.fr/image.ashx?id=3007933&use=l&cat=p&typeid=i","cat":284414},{"id":61172,"n":"Yaourts à la Grecque Délisse Citron - 4x150g","p":2.38,"u":"3,97 €/KG","img":"https://fd8-photos.leclercdrive.fr/image.ashx?id=2699714&use=l&cat=p&typeid=i","cat":314999},{"id":61176,"n":"Cluedo Dès 8 ans","p":26.73,"img":"https://fd8-photos.leclercdrive.fr/image.ashx?id=2532159&use=l&cat=p&typeid=i","cat":334378},{"id":61293,"n":"Boisson Jafaden Orange carotte citron - 1L","p":1.89,"u":"1,89 €/L","img":"https://fd8-photos.leclercdrive.fr/image.ashx?id=2956753&use=l&cat=p&typeid=i","cat":284917},{"id":61460,"n":"Attrap'souris Dès 6 ans","p":20.06,"img":"https://fd8-photos.leclercdrive.fr/image.ashx?id=1214169&use=l&cat=p&typeid=i","cat":334378},{"id":61594,"n":"Tomato Ketchup Heinz - 910g","p":2.99,"u":"3,29 €/KG","img":"https://fd8-photos.leclercdrive.fr/image.ashx?id=2923420&use=l&cat=p&typeid=i","cat":284455},{"id":61596,"n":"Sauce au poivre Rustica Pot - 245g","p":1.13,"u":"4,61 €/KG","img":"https://fd8-photos.leclercdrive.fr/image.ashx?id=2954373&use=l&cat=p&typeid=i","cat":318430},{"id":61597,"n":"Sauce bourguignonne Rustica Pot - 250g","p":1.01,"u":"4,04 €/KG","img":"https://fd8-photos.leclercdrive.fr/image.ashx?id=1961467&use=l&cat=p&typeid=i","cat":318430},{"id":61605,"n":"Sauce barbecue Rustica Flacon souple - 280g","p":1.39,"u":"4,96 €/KG","img":"https://fd8-photos.leclercdrive.fr/image.ashx?id=2559704&use=l&cat=p&typeid=i","cat":318431},{"id":61607,"n":"Sauce andalousie Rustica Flacon souple - 249g","p":1.68,"u":"6,75 €/KG","img":"https://fd8-photos.leclercdrive.fr/image.ashx?id=2459153&use=l&cat=p&typeid=i","cat":318431},{"id":61609,"n":"Sauce Aïoli Bénédicta - 260g","p":1.69,"u":"6,50 €/KG","img":"https://fd8-photos.leclercdrive.fr/image.ashx?id=2689934&use=l&cat=p&typeid=i","cat":318430},{"id":61613,"n":"Sauce Pommes frites  Amora 448g","p":2.53,"u":"5,65 €/KG","img":"https://fd8-photos.leclercdrive.fr/image.ashx?id=2738227&use=l&cat=p&typeid=i","cat":318431},{"id":61628,"n":"Fruits au sirop St Mamet Pêches - 245g","p":1.37,"u":"5,59 €/KG","img":"https://fd8-photos.leclercdrive.fr/image.ashx?id=2628428&use=l&cat=p&typeid=i","cat":284507},{"id":61631,"n":"Cocktail Douceur du Verger 4 fruits - Sirop léger- 500g","p":1.99,"u":"3,98 €/KG","img":"https://fd8-photos.leclercdrive.fr/image.ashx?id=2783023&use=l&cat=p&typeid=i","cat":284507},{"id":61634,"n":"Poires Douceur du Verger Sirop léger - 455 g","p":1.95,"u":"4,29 €/KG","img":"https://fd8-photos.leclercdrive.fr/image.ashx?id=2783020&use=l&cat=p&typeid=i","cat":284507},{"id":61638,"n":"Lentilles Préparées Cassegrain Tendres et Fondantes 460g","p":2.8,"u":"6,09 €/KG","img":"https://fd8-photos.leclercdrive.fr/image.ashx?id=3011047&use=l&cat=p&typeid=i","cat":312609},{"id":61641,"n":"Sirop d'érable Le Québécois Bio - 189ml","p":3.73,"u":"19,74 €/L","img":"https://fd8-photos.leclercdrive.fr/image.ashx?id=1601087&use=l&cat=p&typeid=i","cat":287643},{"id":61697,"n":"Eponges Spontex Multicolore - x3","p":1.39,"u":"0,46 €/P","img":"https://fd8-photos.leclercdrive.fr/image.ashx?id=2972847&use=l&cat=p&typeid=i","cat":284667},{"id":61704,"n":"Burger La Fournée Dorée Sésame x4 -250g","p":1.95,"u":"7,80 €/KG","img":"https://fd8-photos.leclercdrive.fr/image.ashx?id=2735275&use=l&cat=p&typeid=i","cat":325067},{"id":61839,"n":"Véhicule de chantier Excavateur - Dès 3 ans","p":14.95,"u":"Dont 0,20 € d'éco-part.","img":"https://fd8-photos.leclercdrive.fr/image.ashx?id=1982421&use=l&cat=p&typeid=i","cat":334382},{"id":61976,"n":"Coeurs de palmiers Bio Village Bio - 250g","p":4.02,"u":"16,08 €/KG","img":"https://fd8-photos.leclercdrive.fr/image.ashx?id=2077463&use=l&cat=p&typeid=i","cat":312611},{"id":61983,"n":"Sachet repas Gourmet  Terrine coffret - 4x85g","p":2.05,"u":"6,03 €/KG","img":"https://fd8-photos.leclercdrive.fr/image.ashx?id=2901118&use=l&cat=p&typeid=i","cat":285286},{"id":62001,"n":"Jus de citron jaune 1L","p":3.23,"u":"3,23 €/L","img":"https://fd8-photos.leclercdrive.fr/image.ashx?id=2656991&use=l&cat=p&typeid=i","cat":288383},{"id":62004,"n":"Cornichons Maille  Mini classique - 370g","p":4.21,"u":"11,38 €/KG","img":"https://fd8-photos.leclercdrive.fr/image.ashx?id=2916567&use=l&cat=p&typeid=i","cat":284458},{"id":62008,"n":"Sardine Parmentier Herbe - 135g","p":2.26,"u":"16,74 €/KG","img":"https://fd8-photos.leclercdrive.fr/image.ashx?id=3014413&use=l&cat=p&typeid=i","cat":305146},{"id":62042,"n":"Haricots rouges D'aucy  500g","p":1.99,"u":"3,98 €/KG","img":"https://fd8-photos.leclercdrive.fr/image.ashx?id=2491190&use=l&cat=p&typeid=i","cat":312606},{"id":62043,"n":"Lentilles préparées D'aucy  265g","p":0.99,"u":"3,74 €/KG","img":"https://fd8-photos.leclercdrive.fr/image.ashx?id=2560600&use=l&cat=p&typeid=i","cat":312609},{"id":62045,"n":"Haricots verts Jardin Bio étic Bio sans sel - 345g","p":2.62,"u":"7,59 €/KG","img":"https://fd8-photos.leclercdrive.fr/image.ashx?id=2535010&use=l&cat=p&typeid=i","cat":312606},{"id":62050,"n":"Macédoine déjà égouttée D'aucy 265g","p":1.04,"u":"3,92 €/KG","img":"https://fd8-photos.leclercdrive.fr/image.ashx?id=2511601&use=l&cat=p&typeid=i","cat":312612},{"id":62054,"n":"Courgettes Cuisinées Cassegrain à la Provençale 185g","p":1.95,"u":"10,54 €/KG","img":"https://fd8-photos.leclercdrive.fr/image.ashx?id=2913022&use=l&cat=p&typeid=i","cat":312612},{"id":62055,"n":"Aubergines Cuisinées Cassegrain à la Provençale 185g","p":1.79,"u":"9,68 €/KG","img":"https://fd8-photos.leclercdrive.fr/image.ashx?id=2913019&use=l&cat=p&typeid=i","cat":312612},{"id":62057,"n":"Champignons Eco+ Entiers - 230g","p":1.11,"u":"4,83 €/KG","img":"https://fd8-photos.leclercdrive.fr/image.ashx?id=2782999&use=l&cat=p&typeid=i","cat":312610},{"id":62067,"n":"Flageolets Préparés Cassegrain Extra Fins 130g","p":1.03,"u":"7,92 €/KG","img":"https://fd8-photos.leclercdrive.fr/image.ashx?id=2912980&use=l&cat=p&typeid=i","cat":312606},{"id":62083,"n":"Soda Schweppes Saveur Agrumes - 1L","p":1.75,"u":"1,75 €/L","img":"https://fd8-photos.leclercdrive.fr/image.ashx?id=2852414&use=l&cat=p&typeid=i","cat":284532},{"id":62094,"n":"Sauce fajitas Old El Paso à cuisiner doux - 395g","p":2.23,"u":"5,65 €/KG","img":"https://fd8-photos.leclercdrive.fr/image.ashx?id=2950852&use=l&cat=p&typeid=i","cat":288993},{"id":62095,"n":"Chips Tortilla Old El Paso Fajita - 185g","p":2.03,"u":"10,97 €/KG","img":"https://fd8-photos.leclercdrive.fr/image.ashx?id=2444522&use=l&cat=p&typeid=i","cat":288993},{"id":62101,"n":"Miel l'Apiculteur liquide   et savoureux - 500g","p":6.93,"u":"13,86 €/KG","img":"https://fd8-photos.leclercdrive.fr/image.ashx?id=3008077&use=l&cat=p&typeid=i","cat":287643},{"id":62112,"n":"Compotes Pom'Potes Gourdes  Pomme Nature - 12x90g","p":5.19,"u":"4,81 €/KG","img":"https://fd8-photos.leclercdrive.fr/image.ashx?id=3010927&use=l&cat=p&typeid=i","cat":284508},{"id":62120,"n":"Cookies Choco Sensation Milka Chocolat au lait - 312g","p":4.59,"u":"14,71 €/KG","img":"https://fd8-photos.leclercdrive.fr/image.ashx?id=3002279&use=l&cat=p&typeid=i","cat":325066},{"id":62121,"n":"Brownie Milka Chocolat - 180g","p":2.39,"u":"13,28 €/KG","img":"https://fd8-photos.leclercdrive.fr/image.ashx?id=2339807&use=l&cat=p&typeid=i","cat":294776},{"id":62123,"n":"Mini brownie Brossard Chocolat/noisette x8 - 240g","p":2.79,"u":"11,63 €/KG","img":"https://fd8-photos.leclercdrive.fr/image.ashx?id=2976830&use=l&cat=p&typeid=i","cat":294776},{"id":62128,"n":"Biscuits fourrés Prince Tout chocolat - 300g","p":1.55,"u":"5,17 €/KG","img":"https://fd8-photos.leclercdrive.fr/image.ashx?id=2528801&use=l&cat=p&typeid=i","cat":284488},{"id":62130,"n":"Cookies extra moelleux Granola Pépites de chocolat - 312g","p":3.98,"u":"12,76 €/KG","img":"https://fd8-photos.leclercdrive.fr/image.ashx?id=2306723&use=l&cat=p&typeid=i","cat":325066},{"id":62142,"n":"Biscottes Braisor Heudebert  Nature - 500g","p":3.99,"u":"7,98 €/KG","img":"https://fd8-photos.leclercdrive.fr/image.ashx?id=2680176&use=l&cat=p&typeid=i","cat":284479},{"id":62146,"n":"Brioche La Fournée Dorée Tranchée crème fraiche - 500g","p":2.44,"u":"4,88 €/KG","img":"https://fd8-photos.leclercdrive.fr/image.ashx?id=2415365&use=l&cat=p&typeid=i","cat":284478},{"id":62148,"n":"Brioch'burger La fournée Dorée x4 - 250g","p":1.85,"u":"7,40 €/KG","img":"https://fd8-photos.leclercdrive.fr/image.ashx?id=2765261&use=l&cat=p&typeid=i","cat":325067},{"id":62161,"n":"Cake aux fruits Brossard 300g","p":2.99,"u":"9,97 €/KG","img":"https://fd8-photos.leclercdrive.fr/image.ashx?id=2964998&use=l&cat=p&typeid=i","cat":284493},{"id":62162,"n":"Donuts Curly 100g","p":1.19,"u":"11,90 €/KG","img":"https://fd8-photos.leclercdrive.fr/image.ashx?id=2446836&use=l&cat=p&typeid=i","cat":284449},{"id":62169,"n":"Croquettes chiens Purina One Minis chiens - 1.5kg","p":6.55,"u":"4,37 €/KG","img":"https://fd8-photos.leclercdrive.fr/image.ashx?id=2899677&use=l&cat=p&typeid=i","cat":294526},{"id":62226,"n":"Soda Coca-Cola Sans Sucres Bouteille - 1L","p":1.35,"u":"1,35 €/L","img":"https://fd8-photos.leclercdrive.fr/image.ashx?id=2194418&use=l&cat=p&typeid=i","cat":284530},{"id":62238,"n":"Bière blonde Grimbergen Triple d'Abbaye -8° - 6x25cl","p":5.79,"u":"3,86 €/L","img":"https://fd8-photos.leclercdrive.fr/image.ashx?id=2317363&use=l&cat=p&typeid=i","cat":334852},{"id":62246,"n":"Soda au cola Pepsi La bouteille de 1.5L","p":1.19,"u":"0,79 €/L","img":"https://fd8-photos.leclercdrive.fr/image.ashx?id=2896318&use=l&cat=p&typeid=i","cat":284530},{"id":62251,"n":"Soda au cola Pepsi Zéro sucres La bouteille de 1.5L","p":1.15,"u":"0,77 €/L","img":"https://fd8-photos.leclercdrive.fr/image.ashx?id=2683130&use=l&cat=p&typeid=i","cat":284530},{"id":62252,"n":"Soda 7UP Citron et citron vert - 1.5L","p":1.21,"u":"0,81 €/L","img":"https://fd8-photos.leclercdrive.fr/image.ashx?id=2748545&use=l&cat=p&typeid=i","cat":284531},{"id":62298,"n":"Sauce caesar Florette 175ml","p":1.66,"u":"9,49 €/L","img":"https://fd8-photos.leclercdrive.fr/image.ashx?id=2634067&use=l&cat=p&typeid=i","cat":284382},{"id":62303,"n":"yaourt fruits bio les 2 vaches brassé framboise - 4x115g","p":2.03,"u":"4,41 €/KG","img":"https://fd8-photos.leclercdrive.fr/image.ashx?id=2571533&use=l&cat=p&typeid=i","cat":284410},{"id":62305,"n":"Yaourt nature Bio village Bio Sucre de canne - 4x125g","p":1.58,"u":"3,16 €/KG","img":"https://fd8-photos.leclercdrive.fr/image.ashx?id=1946889&use=l&cat=p&typeid=i","cat":284409},{"id":62333,"n":"Yaourt brassé Bio les 2 vaches Citron - 4x115g","p":2.03,"u":"4,41 €/KG","img":"https://fd8-photos.leclercdrive.fr/image.ashx?id=2571536&use=l&cat=p&typeid=i","cat":284410},{"id":62335,"n":"yaourt fruits bio les 2 vaches brassé myrtille - 4x115g","p":2.03,"u":"4,41 €/KG","img":"https://fd8-photos.leclercdrive.fr/image.ashx?id=2571530&use=l&cat=p&typeid=i","cat":284410},{"id":62357,"n":"Faisselle Rians Coulis framboise - 240g","p":2.19,"u":"9,13 €/KG","img":"https://fd8-photos.leclercdrive.fr/image.ashx?id=2522776&use=l&cat=p&typeid=i","cat":284410},{"id":62359,"n":"Jus d'oranges pressées  Sans pulpe Andros - 1.5L","p":4.19,"u":"2,79 €/L","img":"https://fd8-photos.leclercdrive.fr/image.ashx?id=2876104&use=l&cat=p&typeid=i","cat":285435},{"id":62416,"n":"Citrons pressés Andros 1L","p":2.59,"u":"2,59 €/L","img":"https://fd8-photos.leclercdrive.fr/image.ashx?id=2882650&use=l&cat=p&typeid=i","cat":285435},{"id":62417,"n":"Jus de pamplemousse rose pressé Andros - 1L","p":3.25,"u":"3,25 €/L","img":"https://fd8-photos.leclercdrive.fr/image.ashx?id=2928423&use=l&cat=p&typeid=i","cat":285435},{"id":62454,"n":"Boisson aux fruits Fruit shoot Multivitamine - 12x20cl","p":5.09,"u":"2,12 €/L","img":"https://fd8-photos.leclercdrive.fr/image.ashx?id=2915733&use=l&cat=p&typeid=i","cat":295018},{"id":62482,"n":"Coton-tige Bio Bionaïa x200 bâtonnets ouatés","p":0.86,"img":"https://fd8-photos.leclercdrive.fr/image.ashx?id=2598704&use=l&cat=p&typeid=i","cat":285593},{"id":62486,"n":"Quiche lorraine 400g","p":1.99,"u":"4,98 €/KG","img":"https://fd8-photos.leclercdrive.fr/image.ashx?id=2798421&use=l&cat=p&typeid=i","cat":333680},{"id":62497,"n":"Biscuit bébé Blédina 12 mois  Petit beurre pépites choco-133g","p":2.25,"u":"16,92 €/KG","img":"https://fd8-photos.leclercdrive.fr/image.ashx?id=2639344&use=l&cat=p&typeid=i","cat":312227},{"id":62561,"n":"Rasoirs jetables Carré Homme 3 lames - x8","p":2.66,"u":"0,33 €/P","img":"https://fd8-photos.leclercdrive.fr/image.ashx?id=2869859&use=l&cat=p&typeid=i","cat":284616},{"id":62567,"n":"Papier toilette Mimosa Humide x50","p":1.29,"u":"0,03 €/P","img":"https://fd8-photos.leclercdrive.fr/image.ashx?id=2823126&use=l&cat=p&typeid=i","cat":284634},{"id":62568,"n":"Papier toilette Mimosa Humide douceur x50","p":1.29,"u":"0,03 €/P","img":"https://fd8-photos.leclercdrive.fr/image.ashx?id=2064606&use=l&cat=p&typeid=i","cat":284634},{"id":62571,"n":"Soda à l'orange Orangina 1L","p":1.79,"u":"1,79 €/L","img":"https://fd8-photos.leclercdrive.fr/image.ashx?id=2668413&use=l&cat=p&typeid=i","cat":284532},{"id":62572,"n":"Lime soda Sprink's Citron zero - 1.5L","p":1.08,"u":"0,72 €/L","img":"https://fd8-photos.leclercdrive.fr/image.ashx?id=2913742&use=l&cat=p&typeid=i","cat":284531},{"id":62573,"n":"Tonic soda Sprink's Zero - 1.5L","p":0.89,"u":"0,59 €/L","img":"https://fd8-photos.leclercdrive.fr/image.ashx?id=2913745&use=l&cat=p&typeid=i","cat":284531},{"id":62574,"n":"Bière ambrée Grimbergen 6,5° - 6x25cl","p":6.59,"u":"4,39 €/L","img":"https://fd8-photos.leclercdrive.fr/image.ashx?id=2293483&use=l&cat=p&typeid=i","cat":334852},{"id":62575,"n":"Coton disque Inell Rond confort x70","p":0.61,"u":"0,01 €/P","img":"https://fd8-photos.leclercdrive.fr/image.ashx?id=2169171&use=l&cat=p&typeid=i","cat":285593},{"id":62576,"n":"Bière blanche Grimbergen 6° - 6x25cl","p":5.87,"u":"3,91 €/L","img":"https://fd8-photos.leclercdrive.fr/image.ashx?id=2294375&use=l&cat=p&typeid=i","cat":334878},{"id":62579,"n":"Bière blonde Leffe Triple 8,5% - 6x25cl","p":6.29,"u":"25,16 €/L","img":"https://fd8-photos.leclercdrive.fr/image.ashx?id=2548282&use=l&cat=p&typeid=i","cat":334852},{"id":62581,"n":"Bière aromatisée Grimbergen Cerise 5,5° - 6x25cl","p":6.29,"u":"4,19 €/L","img":"https://fd8-photos.leclercdrive.fr/image.ashx?id=2312798&use=l&cat=p&typeid=i","cat":334878},{"id":62614,"n":"Pâte à tartiner Ovomaltine Crunchy - 360g","p":3.26,"u":"9,06 €/KG","img":"https://fd8-photos.leclercdrive.fr/image.ashx?id=2428645&use=l&cat=p&typeid=i","cat":284481},{"id":62619,"n":"Biscuits nappés Pépito Chocolat au lait - 2x192g","p":2.69,"u":"7,01 €/KG","img":"https://fd8-photos.leclercdrive.fr/image.ashx?id=2989444&use=l&cat=p&typeid=i","cat":284488},{"id":62656,"n":"Mortadelle de volaille  A la provençale - Halal - 120g","p":1.55,"u":"12,92 €/KG","img":"https://fd8-photos.leclercdrive.fr/image.ashx?id=2349236&use=l&cat=p&typeid=i","cat":316013},{"id":62667,"n":"Brosse à dents Aquafresh Medium x1","p":1.41,"img":"https://fd8-photos.leclercdrive.fr/image.ashx?id=2454013&use=l&cat=p&typeid=i","cat":284614},{"id":62668,"n":"Brosse à dents Sensodyne Extra souple x1","p":2.07,"pp":1.45,"img":"https://fd8-photos.leclercdrive.fr/image.ashx?id=2923633&use=l&cat=p&typeid=i","cat":284614},{"id":62675,"n":"Crème adhésive Polident  Hypoallergénique - 40g","p":3.68,"u":"92,00 €/KG","img":"https://fd8-photos.leclercdrive.fr/image.ashx?id=2303849&use=l&cat=p&typeid=i","cat":285158},{"id":62677,"n":"Gel douche bio So Bio Etic Aloe vera sans sulfate 650ml","p":5.47,"u":"8,42 €/L","img":"https://fd8-photos.leclercdrive.fr/image.ashx?id=2850596&use=l&cat=p&typeid=i","cat":284594},{"id":62681,"n":"Eau de javel Clair Parfum citron - 2L","p":0.98,"u":"0,49 €/L","img":"https://fd8-photos.leclercdrive.fr/image.ashx?id=2949206&use=l&cat=p&typeid=i","cat":284661},{"id":62682,"n":"Javel en gel Clair  Citron vert - 750ml","p":1.18,"u":"1,57 €/L","img":"https://fd8-photos.leclercdrive.fr/image.ashx?id=2843881&use=l&cat=p&typeid=i","cat":284661},{"id":62687,"n":"Spray nasal Primoplast 100% eau de mer - 150ml","p":4.45,"u":"29,67 €/L","img":"https://fd8-photos.leclercdrive.fr/image.ashx?id=2955758&use=l&cat=p&typeid=i","cat":284630},{"id":62697,"n":"Nappe damassée Homeside Blanche - 8m","p":1.61,"img":"https://fd8-photos.leclercdrive.fr/image.ashx?id=1659708&use=l&cat=p&typeid=i","cat":334134},{"id":62726,"n":"Compote bio Bio Village Bocal pomme - 625g","p":2.07,"u":"3,31 €/KG","img":"https://fd8-photos.leclercdrive.fr/image.ashx?id=1948042&use=l&cat=p&typeid=i","cat":284508},{"id":62727,"n":"Compote bio Bio Village Bocal pomme poire - 625g","p":2.1,"u":"3,36 €/KG","img":"https://fd8-photos.leclercdrive.fr/image.ashx?id=1948039&use=l&cat=p&typeid=i","cat":284508},{"id":62730,"n":"Fruits au sirop St Mamet Poires williams - 235g","p":1.98,"u":"8,43 €/KG","img":"https://fd8-photos.leclercdrive.fr/image.ashx?id=2630220&use=l&cat=p&typeid=i","cat":284507},{"id":62731,"n":"Abricots Douceur du Verger Sirop léger - 475 g","p":2.42,"u":"5,09 €/KG","img":"https://fd8-photos.leclercdrive.fr/image.ashx?id=2618235&use=l&cat=p&typeid=i","cat":284507},{"id":62740,"n":"Lait de coco Suzi Wan  Allégé - 200ml","p":1.79,"u":"8,95 €/L","img":"https://fd8-photos.leclercdrive.fr/image.ashx?id=2892922&use=l&cat=p&typeid=i","cat":288992},{"id":62742,"n":"Gressins sésames bio Bio Village - 125g","p":1.52,"u":"12,16 €/KG","img":"https://fd8-photos.leclercdrive.fr/image.ashx?id=1944640&use=l&cat=p&typeid=i","cat":297000},{"id":62745,"n":"Palmiers bio Bio Village  Fromage - 100g","p":2.25,"u":"22,50 €/KG","img":"https://fd8-photos.leclercdrive.fr/image.ashx?id=1102083&use=l&cat=p&typeid=i","cat":297000},{"id":62749,"n":"Crackers Heudebert  Nature - 250g","p":1.71,"u":"6,84 €/KG","img":"https://fd8-photos.leclercdrive.fr/image.ashx?id=2670785&use=l&cat=p&typeid=i","cat":284479},{"id":62753,"n":"Noix de cajou Bio Village  Bio Grillées - 100g","p":2.1,"u":"21,00 €/KG","img":"https://fd8-photos.leclercdrive.fr/image.ashx?id=2664590&use=l&cat=p&typeid=i","cat":284448},{"id":62858,"n":"Biscuit Nature GERBLE  sans sucres ajoutés - 132g","p":1.66,"u":"12,58 €/KG","img":"https://fd8-photos.leclercdrive.fr/image.ashx?id=2662835&use=l&cat=p&typeid=i","cat":318653},{"id":62875,"n":"Confiture fraise Gerblé Sans sucres ajoutés - 320g","p":1.93,"u":"6,03 €/KG","img":"https://fd8-photos.leclercdrive.fr/image.ashx?id=2676678&use=l&cat=p&typeid=i","cat":318653},{"id":62880,"n":"Moelleux Citron GERBLE   sans sucre - 196g","p":2.69,"u":"13,72 €/KG","img":"https://fd8-photos.leclercdrive.fr/image.ashx?id=2575087&use=l&cat=p&typeid=i","cat":318653},{"id":62937,"n":"Thon mariné Petit Navire Tomate séchée - 2x110g","p":4.2,"u":"19,09 €/KG","img":"https://fd8-photos.leclercdrive.fr/image.ashx?id=2522560&use=l&cat=p&typeid=i","cat":303867},{"id":63009,"n":"Sardine entière Pêche Océan Nature - 95g","p":1.37,"u":"14,42 €/KG","img":"https://fd8-photos.leclercdrive.fr/image.ashx?id=2692964&use=l&cat=p&typeid=i","cat":305146},{"id":63079,"n":"Thon Blanc MSC Petit Navire A l'huile d'olive - 160g","p":3.42,"u":"21,38 €/KG","img":"https://fd8-photos.leclercdrive.fr/image.ashx?id=2523852&use=l&cat=p&typeid=i","cat":303867},{"id":63082,"n":"Thon blanc MSC Petit Navire Au naturel - 112g","p":3.0,"u":"26,79 €/KG","img":"https://fd8-photos.leclercdrive.fr/image.ashx?id=2549426&use=l&cat=p&typeid=i","cat":303867},{"id":63248,"n":"Biscuits fourrés Prince Maxi Chocolat - 2X250g","p":3.79,"u":"7,58 €/KG","img":"https://fd8-photos.leclercdrive.fr/image.ashx?id=2347308&use=l&cat=p&typeid=i","cat":284488},{"id":63284,"n":"AOP Champagne Canard Duchêne Charles VII Brut - 75cl","p":29.5,"u":"39,33 €/L","img":"https://fd8-photos.leclercdrive.fr/image.ashx?id=2174390&use=l&cat=p&typeid=i","cat":284542},{"id":63287,"n":"AOP Crémant de Bordeaux Malesan brut - 75cl","p":6.9,"u":"9,20 €/L","img":"https://fd8-photos.leclercdrive.fr/image.ashx?id=2497193&use=l&cat=p&typeid=i","cat":284545},{"id":63380,"n":"Dès de fromage Salakis Huile, Tomate, romarin - 300g","p":3.41,"u":"11,37 €/KG","img":"https://fd8-photos.leclercdrive.fr/image.ashx?id=2379116&use=l&cat=p&typeid=i","cat":314027},{"id":63501,"n":"Fromage de brebis Bio Vrai Lait brebis 50%mg - 100g","p":1.98,"img":"https://fd8-photos.leclercdrive.fr/image.ashx?id=2438699&use=l&cat=p&typeid=i","cat":314031},{"id":63519,"n":"Gnocchi Lustucru Selection  Maxi 650g","p":2.95,"u":"4,54 €/KG","img":"https://fd8-photos.leclercdrive.fr/image.ashx?id=2792387&use=l&cat=p&typeid=i","cat":333682},{"id":63520,"n":"Pizza crust Sodebo Cheesy 4 fromages - 580g","p":5.75,"u":"9,91 €/KG","img":"https://fd8-photos.leclercdrive.fr/image.ashx?id=2912098&use=l&cat=p&typeid=i","cat":333679},{"id":63521,"n":"Penne au saumon Marie Crème d'épinard - 280g","p":3.05,"u":"10,89 €/KG","img":"https://fd8-photos.leclercdrive.fr/image.ashx?id=2317519&use=l&cat=p&typeid=i","cat":333665},{"id":63528,"n":"Boisson énergisante Crazy Tiger Canette - 50cl","p":1.19,"u":"2,38 €/L","img":"https://fd8-photos.leclercdrive.fr/image.ashx?id=2859641&use=l&cat=p&typeid=i","cat":284533},{"id":63531,"n":"AOP Bordeaux rosé Remparts Virou - 75cl","p":3.39,"u":"4,52 €/L","img":"https://fd8-photos.leclercdrive.fr/image.ashx?id=1604723&use=l&cat=p&typeid=i","cat":289558},{"id":63540,"n":"Sauce barbecue Rustica 280g","p":1.38,"u":"4,93 €/KG","img":"https://fd8-photos.leclercdrive.fr/image.ashx?id=2954370&use=l&cat=p&typeid=i","cat":318431},{"id":63541,"n":"Sauce barbecue Rustica 560g","p":1.78,"u":"3,18 €/KG","img":"https://fd8-photos.leclercdrive.fr/image.ashx?id=2092948&use=l&cat=p&typeid=i","cat":318431},{"id":63622,"n":"Sandwich XXL Daunat Pain suédois - jambon/cheddar","p":2.99,"u":"13,00 €/KG","img":"https://fd8-photos.leclercdrive.fr/image.ashx?id=2857383&use=l&cat=p&typeid=i","cat":333658},{"id":63674,"n":"3 poivres Ducros Moulin - 34g","p":3.87,"u":"113,82 €/KG","img":"https://fd8-photos.leclercdrive.fr/image.ashx?id=2559460&use=l&cat=p&typeid=i","cat":284457},{"id":63676,"n":"Poivre blanc moulu Ducros 36g","p":1.98,"u":"55,00 €/KG","img":"https://fd8-photos.leclercdrive.fr/image.ashx?id=2203745&use=l&cat=p&typeid=i","cat":284457},{"id":63712,"n":"AOC Martinique Rhum blanc  Agricole HSE 40° - 1L","p":15.15,"u":"15,15 €/L","img":"https://fd8-photos.leclercdrive.fr/image.ashx?id=2902019&use=l&cat=p&typeid=i","cat":284550},{"id":63759,"n":"Pur Jus Jafaden Mutlifruits - 2L","p":2.75,"u":"1,38 €/L","img":"https://fd8-photos.leclercdrive.fr/image.ashx?id=2762955&use=l&cat=p&typeid=i","cat":284917},{"id":63762,"n":"Boisson aux fruits Oasis Tropical - 6x33cl","p":3.69,"u":"1,86 €/L","img":"https://fd8-photos.leclercdrive.fr/image.ashx?id=2900812&use=l&cat=p&typeid=i","cat":295018},{"id":63768,"n":"Boisson aux fruits Oasis Pomme Cassis Framboise - 6x33cl","p":3.49,"u":"1,76 €/L","img":"https://fd8-photos.leclercdrive.fr/image.ashx?id=3014449&use=l&cat=p&typeid=i","cat":295018},{"id":63776,"n":"Sirop Moulin de Valdonne Fraise des bois - 70cl","p":3.75,"u":"5,36 €/L","img":"https://fd8-photos.leclercdrive.fr/image.ashx?id=2170589&use=l&cat=p&typeid=i","cat":295020},{"id":63794,"n":"Soda Schweppes Saveur Citron - 6x33cl","p":3.99,"u":"2,02 €/L","img":"https://fd8-photos.leclercdrive.fr/image.ashx?id=2852743&use=l&cat=p&typeid=i","cat":284532},{"id":63795,"n":"Soda Schweppes Indian Tonic - 6x33cl","p":4.21,"u":"2,13 €/L","img":"https://fd8-photos.leclercdrive.fr/image.ashx?id=2852423&use=l&cat=p&typeid=i","cat":284531},{"id":63797,"n":"Soda Schweppes Saveur Agrumes - 6x33cl","p":3.84,"u":"1,94 €/L","img":"https://fd8-photos.leclercdrive.fr/image.ashx?id=2852737&use=l&cat=p&typeid=i","cat":284532},{"id":63814,"n":"Pur jus Tropicana Orange Pure Premium avec pulpe - 2x1L","p":6.62,"u":"3,31 €/L","img":"https://fd8-photos.leclercdrive.fr/image.ashx?id=2592690&use=l&cat=p&typeid=i","cat":284521},{"id":63824,"n":"Soda Coca-Cola Zéro Sans caféine - 1.25L","p":1.55,"u":"1,24 €/L","img":"https://fd8-photos.leclercdrive.fr/image.ashx?id=3009059&use=l&cat=p&typeid=i","cat":284530},{"id":63828,"n":"Concentré à diluer Pulco Citron Vert Menthe - 70cl","p":2.89,"u":"4,13 €/L","img":"https://fd8-photos.leclercdrive.fr/image.ashx?id=2687791&use=l&cat=p&typeid=i","cat":295020},{"id":63837,"n":"Champignons Eco+ Pieds et morceaux - 230g","p":0.82,"u":"3,57 €/KG","img":"https://fd8-photos.leclercdrive.fr/image.ashx?id=2783002&use=l&cat=p&typeid=i","cat":312610},{"id":63847,"n":"Champagne A.Rothschild & Cie Rosé - 75cl","p":24.85,"u":"33,13 €/L","img":"https://fd8-photos.leclercdrive.fr/image.ashx?id=2628470&use=l&cat=p&typeid=i","cat":284542},{"id":63892,"n":"Capsules café L'Or Espresso Forza N°9 x10","p":3.18,"u":"61,15 €/KG","img":"https://fd8-photos.leclercdrive.fr/image.ashx?id=2393753&use=l&cat=p&typeid=i","cat":284749},{"id":63971,"n":"Escalope cordon bleu Père dodu Poulet x4 - 400g - Familial","p":3.89,"u":"9,73 €/KG","img":"https://fd8-photos.leclercdrive.fr/image.ashx?id=2957173&use=l&cat=p&typeid=i","cat":333683},{"id":63973,"n":"Cordon Bleu Père Dodu  Poulet x8 - 800g - Maxi Format","p":7.59,"u":"9,49 €/KG","img":"https://fd8-photos.leclercdrive.fr/image.ashx?id=2957176&use=l&cat=p&typeid=i","cat":333683},{"id":63986,"n":"Glace twist sorbet Smicy Multifruits x5 - 375g","p":2.49,"u":"6,64 €/KG","img":"https://fd8-photos.leclercdrive.fr/image.ashx?id=2965819&use=l&cat=p&typeid=i","cat":285250},{"id":63987,"n":"Mini bâtonnets Trium Vanille fruits x8 - 300g","p":2.7,"u":"9,00 €/KG","img":"https://fd8-photos.leclercdrive.fr/image.ashx?id=2911696&use=l&cat=p&typeid=i","cat":284265},{"id":63989,"n":"Mascarpone Bio Village Bio - 250g","p":2.98,"u":"11,92 €/KG","img":"https://fd8-photos.leclercdrive.fr/image.ashx?id=1947561&use=l&cat=p&typeid=i","cat":314026},{"id":63993,"n":"Crème glacée Eskiss  Douceur de vanille - 500g","p":3.91,"u":"7,82 €/KG","img":"https://fd8-photos.leclercdrive.fr/image.ashx?id=2982634&use=l&cat=p&typeid=i","cat":284263},{"id":63996,"n":"Glace gourmande Eskiss  Coco passion - 488g","p":3.16,"u":"6,48 €/KG","img":"https://fd8-photos.leclercdrive.fr/image.ashx?id=3002623&use=l&cat=p&typeid=i","cat":284263},{"id":63997,"n":"Glace gourmande Eskiss  Citron framboise - 515g","p":3.14,"u":"6,10 €/KG","img":"https://fd8-photos.leclercdrive.fr/image.ashx?id=2982637&use=l&cat=p&typeid=i","cat":284263},{"id":63998,"n":"Nectar d'abricot Pays d'Oc NRT 1L","p":3.09,"u":"3,09 €/L","img":"https://fd8-photos.leclercdrive.fr/image.ashx?id=2988144&use=l&cat=p&typeid=i","cat":284915},{"id":63999,"n":"Nectar de Goyave NRT De Martinique - 1L","p":2.85,"u":"2,85 €/L","img":"https://fd8-photos.leclercdrive.fr/image.ashx?id=2849656&use=l&cat=p&typeid=i","cat":284916},{"id":64000,"n":"Nectar de poire Williams NRT Du Roussillon - 1L","p":3.05,"u":"3,05 €/L","img":"https://fd8-photos.leclercdrive.fr/image.ashx?id=2988150&use=l&cat=p&typeid=i","cat":284915},{"id":64014,"n":"Mélange de jeunes pousses Bio Bio Village - 100g","p":2.02,"u":"20,20 €/KG","img":"https://fd8-photos.leclercdrive.fr/image.ashx?id=2655613&use=l&cat=p&typeid=i","cat":284353},{"id":64020,"n":"Soda pomme cerise Sprink's 1.5L","p":1.67,"u":"1,11 €/L","img":"https://fd8-photos.leclercdrive.fr/image.ashx?id=2913754&use=l&cat=p&typeid=i","cat":284532},{"id":64023,"n":"Soda cerise Sprink's 1.5L","p":1.69,"u":"1,13 €/L","img":"https://fd8-photos.leclercdrive.fr/image.ashx?id=2913751&use=l&cat=p&typeid=i","cat":284532},{"id":64024,"n":"Soda pomme Sprink's 1.5L","p":1.48,"u":"0,99 €/L","img":"https://fd8-photos.leclercdrive.fr/image.ashx?id=2913748&use=l&cat=p&typeid=i","cat":284532},{"id":64029,"n":"Boisson au thé vert Fresh Tea Menthe - 1.5L","p":1.82,"u":"1,21 €/L","img":"https://fd8-photos.leclercdrive.fr/image.ashx?id=2622269&use=l&cat=p&typeid=i","cat":295019},{"id":64032,"n":"Pur jus d'orange Tropicana Sans pulpe - 2x1L","p":5.18,"u":"2,59 €/L","img":"https://fd8-photos.leclercdrive.fr/image.ashx?id=2605671&use=l&cat=p&typeid=i","cat":284521},{"id":64034,"n":"Whisky canadien Sam Barton 5 ans - 40%vol - 1L","p":16.99,"u":"16,99 €/L","img":"https://fd8-photos.leclercdrive.fr/image.ashx?id=2999892&use=l&cat=p&typeid=i","cat":284547},{"id":64057,"n":"Bière Desperados Red 12x33cl","p":15.98,"u":"4,04 €/L","img":"https://fd8-photos.leclercdrive.fr/image.ashx?id=2651074&use=l&cat=p&typeid=i","cat":334878},{"id":64061,"n":"Petits feuilletés Atelier Blini Coffret de nos régions - 485g","p":6.13,"u":"12,64 €/KG","img":"https://fd8-photos.leclercdrive.fr/image.ashx?id=1596371&use=l&cat=p&typeid=i","cat":319774},{"id":64062,"n":"Petits feuilletés Atelier Blini Fromager - 420g","p":6.1,"u":"14,52 €/KG","img":"https://fd8-photos.leclercdrive.fr/image.ashx?id=1738057&use=l&cat=p&typeid=i","cat":319774},{"id":64109,"n":"Fromage blanc Délisse 3.2%mg 12x100g","p":2.69,"u":"2,24 €/KG","img":"https://fd8-photos.leclercdrive.fr/image.ashx?id=3012848&use=l&cat=p&typeid=i","cat":284409},{"id":64170,"n":"Surimi Petits Coraya Sauce mayonnaise  x21 - 210g","p":3.19,"u":"15,19 €/KG","img":"https://fd8-photos.leclercdrive.fr/image.ashx?id=2968880&use=l&cat=p&typeid=i","cat":285189},{"id":64191,"n":"Tomates cerises allongées Panier du Primeur - 250g","p":1.59,"u":"6,36 €/KG","img":"https://fd8-photos.leclercdrive.fr/image.ashx?id=2988099&use=l&cat=p&typeid=i","cat":284352},{"id":64487,"n":"Gin Beefeater 40% vol. - 70cl","p":19.18,"u":"27,40 €/L","img":"https://fd8-photos.leclercdrive.fr/image.ashx?id=2859080&use=l&cat=p&typeid=i","cat":284550},{"id":64493,"n":"Liquide vaisselle Rainett Citron vert - 750ml","p":1.98,"u":"2,64 €/L","img":"https://fd8-photos.leclercdrive.fr/image.ashx?id=2293096&use=l&cat=p&typeid=i","cat":284655},{"id":64620,"n":"Pop Corn Rigopop Mushroom Caramel - 400g","p":2.62,"u":"6,55 €/KG","img":"https://fd8-photos.leclercdrive.fr/image.ashx?id=2505510&use=l&cat=p&typeid=i","cat":304249},{"id":64637,"n":"Donuts de poulet Maître Coq Fromage fondu - 800g","p":6.73,"u":"8,41 €/KG","img":"https://fd8-photos.leclercdrive.fr/image.ashx?id=2939484&use=l&cat=p&typeid=i","cat":319780},{"id":64666,"n":"Gâteaux moelleux Kinder Délice Coeur lait enrobé Cacao - x10","p":3.48,"u":"8,92 €/KG","img":"https://fd8-photos.leclercdrive.fr/image.ashx?id=2832476&use=l&cat=p&typeid=i","cat":284495},{"id":64669,"n":"Biscuits apéritif Lay's 3D's Goût cacahètes - 150g","p":1.9,"u":"12,67 €/KG","img":"https://fd8-photos.leclercdrive.fr/image.ashx?id=2916827&use=l&cat=p&typeid=i","cat":284449},{"id":64680,"n":"Soupe liquide Liebig Potiron Kiri Brique - 2x30cl","p":2.82,"u":"4,70 €/L","img":"https://fd8-photos.leclercdrive.fr/image.ashx?id=2892136&use=l&cat=p&typeid=i","cat":284462},{"id":64684,"n":"Soupe liquide brique Liebig  Légumes façon Poêlée - 2x30cl","p":2.35,"u":"3,92 €/L","img":"https://fd8-photos.leclercdrive.fr/image.ashx?id=2598073&use=l&cat=p&typeid=i","cat":284462},{"id":64685,"n":"Soupe liquide Liebig  Potiron - 2x30cl","p":2.15,"u":"3,58 €/L","img":"https://fd8-photos.leclercdrive.fr/image.ashx?id=2369915&use=l&cat=p&typeid=i","cat":284462},{"id":64686,"n":"Soupe liquide brique Liebig  Velouté légumes soleil - 2x30cl","p":1.95,"u":"3,25 €/L","img":"https://fd8-photos.leclercdrive.fr/image.ashx?id=2203382&use=l&cat=p&typeid=i","cat":284462},{"id":64692,"n":"Chocolat Pâtissier Nestlé Dessert - Noir corsé - 200g","p":3.23,"u":"16,15 €/KG","img":"https://fd8-photos.leclercdrive.fr/image.ashx?id=2889895&use=l&cat=p&typeid=i","cat":285562},{"id":64824,"n":"Limonade Bio Lorina Recette authentique - 1.25L","p":2.69,"u":"2,15 €/L","img":"https://fd8-photos.leclercdrive.fr/image.ashx?id=2876722&use=l&cat=p&typeid=i","cat":284531},{"id":64841,"n":"Recharges roller Esquisse Noir effaçable x3","p":1.59,"img":"https://fd8-photos.leclercdrive.fr/image.ashx?id=1188609&use=l&cat=p&typeid=i","cat":284696},{"id":64889,"n":"Végétal Nuggets Garden Gourmet Soja et Blé 200g","p":2.99,"u":"14,95 €/KG","img":"https://fd8-photos.leclercdrive.fr/image.ashx?id=2963967&use=l&cat=p&typeid=i","cat":316036},{"id":64890,"n":"Bouchée Grillée Garden Gourmet Soja et Blé 175g","p":2.07,"u":"11,83 €/KG","img":"https://fd8-photos.leclercdrive.fr/image.ashx?id=2971392&use=l&cat=p&typeid=i","cat":316036},{"id":64897,"n":"Tortellini à poêler Lustucru Jambon emmental - 300g","p":1.95,"u":"6,50 €/KG","img":"https://fd8-photos.leclercdrive.fr/image.ashx?id=2792393&use=l&cat=p&typeid=i","cat":333682},{"id":64910,"n":"Secret de mousse La Laitière Citron - 4x59g","p":1.63,"u":"6,91 €/KG","img":"https://fd8-photos.leclercdrive.fr/image.ashx?id=2616532&use=l&cat=p&typeid=i","cat":284417},{"id":64969,"n":"Cornets La Basquaise Assortis - 14x60g","p":1.58,"u":"1,88 €/KG","img":"https://fd8-photos.leclercdrive.fr/image.ashx?id=2542351&use=l&cat=p&typeid=i","cat":284487},{"id":64970,"n":"Cônes biscuités La Basquaise Vanille - x16 - 175g","p":3.79,"u":"21,66 €/KG","img":"https://fd8-photos.leclercdrive.fr/image.ashx?id=2644022&use=l&cat=p&typeid=i","cat":284487},{"id":65025,"n":"Pochettes perforées Elba  x50","p":5.19,"img":"https://fd8-photos.leclercdrive.fr/image.ashx?id=2960663&use=l&cat=p&typeid=i","cat":284745},{"id":65044,"n":"Biscuits petit déjeuner Belvita Miel & pépites chocolat - 435g","p":2.95,"u":"6,78 €/KG","img":"https://fd8-photos.leclercdrive.fr/image.ashx?id=2989441&use=l&cat=p&typeid=i","cat":284491},{"id":65046,"n":"Biscuits petit déjeuner Belvita Chocolat - 400g","p":2.65,"u":"6,63 €/KG","img":"https://fd8-photos.leclercdrive.fr/image.ashx?id=2989438&use=l&cat=p&typeid=i","cat":284491},{"id":65048,"n":"Barres céréales Grany Fraises framboises - 108g","p":1.72,"u":"15,93 €/KG","img":"https://fd8-photos.leclercdrive.fr/image.ashx?id=2834350&use=l&cat=p&typeid=i","cat":285869},{"id":65336,"n":"Café dosettes Tassimo L'Or Espresso Splendente x16","p":4.87,"u":"43,48 €/KG","img":"https://fd8-photos.leclercdrive.fr/image.ashx?id=2853404&use=l&cat=p&typeid=i","cat":293240},{"id":65337,"n":"Epices pour fajitas Old El Paso doux - 30g","p":1.05,"u":"35,00 €/KG","img":"https://fd8-photos.leclercdrive.fr/image.ashx?id=2737702&use=l&cat=p&typeid=i","cat":288993},{"id":65341,"n":"Bonbons LUTTI Koala Guimauve Chocolat - 185g","p":1.07,"u":"5,78 €/KG","img":"https://fd8-photos.leclercdrive.fr/image.ashx?id=2806147&use=l&cat=p&typeid=i","cat":304250},{"id":65342,"n":"Bonbons LUTTI Surffizz Piquants Fruits - 200g","p":1.45,"u":"7,25 €/KG","img":"https://fd8-photos.leclercdrive.fr/image.ashx?id=2806144&use=l&cat=p&typeid=i","cat":304250},{"id":65366,"n":"Bière blonde Affligem Pack 6.7% vol. - 20x25cl","p":16.29,"u":"3,26 €/L","img":"https://fd8-photos.leclercdrive.fr/image.ashx?id=2774274&use=l&cat=p&typeid=i","cat":334852},{"id":65665,"n":"Mini cônes Milka x8 - 140g","p":4.01,"u":"28,64 €/KG","img":"https://fd8-photos.leclercdrive.fr/image.ashx?id=1989618&use=l&cat=p&typeid=i","cat":284264},{"id":65903,"n":"Semelles Gel Soft Femme Quotidiennes - 1 paire","p":17.36,"img":"https://fd8-photos.leclercdrive.fr/image.ashx?id=2227225&use=l&cat=p&typeid=i","cat":325354},{"id":65932,"n":"Pizza Dolce Sodebo Capri chèvre coppa - 380g","p":5.29,"u":"13,92 €/KG","img":"https://fd8-photos.leclercdrive.fr/image.ashx?id=2889412&use=l&cat=p&typeid=i","cat":333679},{"id":65950,"n":"Gel toilette intime Doulys 200ml","p":2.47,"u":"12,35 €/L","img":"https://fd8-photos.leclercdrive.fr/image.ashx?id=1703245&use=l&cat=p&typeid=i","cat":284627},{"id":65970,"n":"Crème légère fluide Bridélice 12%MG - 3x20cl","p":2.59,"u":"4,32 €/L","img":"https://fd8-photos.leclercdrive.fr/image.ashx?id=2904736&use=l&cat=p&typeid=i","cat":284381},{"id":65972,"n":"Poires Douceur du Verger Sirop léger - 225 g","p":1.32,"u":"5,87 €/KG","img":"https://fd8-photos.leclercdrive.fr/image.ashx?id=2783017&use=l&cat=p&typeid=i","cat":284507},{"id":65973,"n":"Abricots Douceur du Verger Sirop léger - 235 g","p":1.44,"u":"6,13 €/KG","img":"https://fd8-photos.leclercdrive.fr/image.ashx?id=2622891&use=l&cat=p&typeid=i","cat":284507},{"id":66076,"n":"Bière ambrée Bio Jade  4.5%vol - 6x25cl","p":5.16,"u":"3,44 €/L","img":"https://fd8-photos.leclercdrive.fr/image.ashx?id=2518154&use=l&cat=p&typeid=i","cat":334852},{"id":66266,"n":"Brioche tranchée Pasquier Tranches gourmandes - 450g","p":2.25,"u":"5,00 €/KG","img":"https://fd8-photos.leclercdrive.fr/image.ashx?id=2850940&use=l&cat=p&typeid=i","cat":284478},{"id":66279,"n":"Roquefort AOP Les croisés - 32%mg - 100g","p":2.15,"u":"21,50 €/KG","img":"https://fd8-photos.leclercdrive.fr/image.ashx?id=2562885&use=l&cat=p&typeid=i","cat":314032},{"id":66282,"n":"Bresaola Saint-Azay 7 tranches - 70g","p":2.99,"u":"42,71 €/KG","img":"https://fd8-photos.leclercdrive.fr/image.ashx?id=2946460&use=l&cat=p&typeid=i","cat":316007},{"id":66290,"n":"Saucisson sec saint-Azay Au comté - 30 tranches - 100g","p":2.33,"u":"23,30 €/P","img":"https://fd8-photos.leclercdrive.fr/image.ashx?id=2907216&use=l&cat=p&typeid=i","cat":316007},{"id":66293,"n":"Eau aromatisée Volvic juicy jus de fraise - 6x50cl","p":4.8,"u":"1,60 €/L","img":"https://fd8-photos.leclercdrive.fr/image.ashx?id=2961996&use=l&cat=p&typeid=i","cat":284537},{"id":66356,"n":"Café Soluble Nescafé  Cappuccino Classique - 280g","p":4.44,"u":"15,86 €/KG","img":"https://fd8-photos.leclercdrive.fr/image.ashx?id=2918044&use=l&cat=p&typeid=i","cat":284843},{"id":66364,"n":"Lames Wilkinson Hydro 5 Sensitive - x4","p":14.69,"u":"3,67 €/P","img":"https://fd8-photos.leclercdrive.fr/image.ashx?id=1901455&use=l&cat=p&typeid=i","cat":284616},{"id":66366,"n":"Déodorant compressé Sanex  Zéro % Extra control - 100ml","p":3.24,"u":"32,40 €/L","img":"https://fd8-photos.leclercdrive.fr/image.ashx?id=2664274&use=l&cat=p&typeid=i","cat":284618},{"id":66368,"n":"Déodorant sanex zéro % spray  compressé peau sensible - 100ml","p":3.24,"u":"32,40 €/L","img":"https://fd8-photos.leclercdrive.fr/image.ashx?id=2692851&use=l&cat=p&typeid=i","cat":284618},{"id":66417,"n":"Biscuits Mikado LU Chocolat au lait - 300g","p":4.91,"u":"16,37 €/KG","img":"https://fd8-photos.leclercdrive.fr/image.ashx?id=2347284&use=l&cat=p&typeid=i","cat":284488},{"id":66418,"n":"Biscuits Oreo Vanille - 220g","p":1.95,"u":"8,86 €/KG","img":"https://fd8-photos.leclercdrive.fr/image.ashx?id=2324285&use=l&cat=p&typeid=i","cat":284488},{"id":66555,"n":"Café moulu Bio Village Bio Ethiopie - 250g","p":4.35,"u":"17,40 €/KG","img":"https://fd8-photos.leclercdrive.fr/image.ashx?id=2468876&use=l&cat=p&typeid=i","cat":284750},{"id":66560,"n":"IGP Vin rosé Syrah Autrement 75cl","p":5.8,"u":"7,73 €/L","img":"https://fd8-photos.leclercdrive.fr/image.ashx?id=1723111&use=l&cat=p&typeid=i","cat":289558},{"id":66603,"n":"Nectar Douceur Cidou Multifruits - 1.75L","p":2.54,"u":"1,45 €/L","img":"https://fd8-photos.leclercdrive.fr/image.ashx?id=2342502&use=l&cat=p&typeid=i","cat":284917},{"id":66651,"n":"Doonuts nappés St Michel 180g","p":1.81,"u":"10,06 €/KG","img":"https://fd8-photos.leclercdrive.fr/image.ashx?id=2928495&use=l&cat=p&typeid=i","cat":284495},{"id":66652,"n":"Doonuts marbrés St Michel 180g","p":1.81,"u":"10,06 €/KG","img":"https://fd8-photos.leclercdrive.fr/image.ashx?id=2962299&use=l&cat=p&typeid=i","cat":284495},{"id":66740,"n":"P'tite Recette Nestlé Lentilles Vertes Jambon 12 mois - 2x200g","p":1.88,"u":"4,70 €/KG","img":"https://fd8-photos.leclercdrive.fr/image.ashx?id=2525690&use=l&cat=p&typeid=i","cat":312237},{"id":66746,"n":"Tomme de brebis Lou Pérac Fromage de brebis - 200g","p":4.29,"u":"21,45 €/KG","img":"https://fd8-photos.leclercdrive.fr/image.ashx?id=2758840&use=l&cat=p&typeid=i","cat":329184},{"id":66747,"n":"Ma Crème anglaise Bridélice UHT - 50cl","p":1.79,"u":"3,58 €/L","img":"https://fd8-photos.leclercdrive.fr/image.ashx?id=2643086&use=l&cat=p&typeid=i","cat":284382},{"id":66751,"n":"Boisson à l'amande Végé 1L Végé - 200g","p":1.85,"u":"1,85 €/L","img":"https://fd8-photos.leclercdrive.fr/image.ashx?id=2874699&use=l&cat=p&typeid=i","cat":316067},{"id":66752,"n":"Boisson au riz Végé 1L Végé - 200g","p":1.55,"u":"1,55 €/L","img":"https://fd8-photos.leclercdrive.fr/image.ashx?id=2896030&use=l&cat=p&typeid=i","cat":316067},{"id":66754,"n":"Boisson a l'avoine Végé 1L Végé - 200g","p":1.47,"u":"1,47 €/L","img":"https://fd8-photos.leclercdrive.fr/image.ashx?id=2869501&use=l&cat=p&typeid=i","cat":316067},{"id":66757,"n":"Soja cuisine Bio Bio Village Végétal - 25cl","p":0.95,"u":"3,80 €/L","img":"https://fd8-photos.leclercdrive.fr/image.ashx?id=2791060&use=l&cat=p&typeid=i","cat":316069},{"id":66761,"n":"Mini gratins Côté Table Légumes du soleil - 400g","p":3.69,"u":"9,23 €/KG","img":"https://fd8-photos.leclercdrive.fr/image.ashx?id=2196823&use=l&cat=p&typeid=i","cat":319802},{"id":66767,"n":"Olives Couleurs Vives A la provençal - 150g","p":1.99,"u":"13,27 €/KG","img":"https://fd8-photos.leclercdrive.fr/image.ashx?id=2601292&use=l&cat=p&typeid=i","cat":316002},{"id":66785,"n":"Biscuits Nat&Vie Soja/figue 200g","p":1.26,"u":"6,30 €/KG","img":"https://fd8-photos.leclercdrive.fr/image.ashx?id=2460619&use=l&cat=p&typeid=i","cat":318651},{"id":66803,"n":"Biscuits Nutella B-ready Cacao noisettes - 330g","p":3.32,"u":"10,06 €/KG","img":"https://fd8-photos.leclercdrive.fr/image.ashx?id=2770599&use=l&cat=p&typeid=i","cat":284488},{"id":66804,"n":"Biscuits Nutella B-ready Cacao Noisettes - 220g","p":3.09,"u":"14,05 €/KG","img":"https://fd8-photos.leclercdrive.fr/image.ashx?id=2630784&use=l&cat=p&typeid=i","cat":284488},{"id":66809,"n":"Gousses vanille Vahiné  3g","p":4.53,"img":"https://fd8-photos.leclercdrive.fr/image.ashx?id=2524314&use=l&cat=p&typeid=i","cat":284504},{"id":66811,"n":"Tablette de chocolat Côte d'Or Lait Noisettes - 2x180g","p":6.96,"u":"19,33 €/KG","img":"https://fd8-photos.leclercdrive.fr/image.ashx?id=2850231&use=l&cat=p&typeid=i","cat":284497},{"id":66834,"n":"Gel coiffant Vitanove Fixation extrême - 250ml","p":1.62,"u":"6,48 €/L","img":"https://fd8-photos.leclercdrive.fr/image.ashx?id=2824704&use=l&cat=p&typeid=i","cat":284609},{"id":66837,"n":"Gel coiffant Vitanove  Fixation extra forte - 250ml","p":1.29,"u":"5,16 €/L","img":"https://fd8-photos.leclercdrive.fr/image.ashx?id=2836325&use=l&cat=p&typeid=i","cat":284609},{"id":66838,"n":"Gel coiffant Vitanove  Fixation béton - 250ml","p":1.61,"u":"6,44 €/L","img":"https://fd8-photos.leclercdrive.fr/image.ashx?id=2823087&use=l&cat=p&typeid=i","cat":284609},{"id":66844,"n":"Bandes de cire froide Siliss Jambes - x20","p":2.3,"u":"0,12 €/P","img":"https://fd8-photos.leclercdrive.fr/image.ashx?id=2842316&use=l&cat=p&typeid=i","cat":325351},{"id":66849,"n":"Dessert bébé lacté Blédina 6m Banane - 6x55g","p":1.49,"u":"4,52 €/KG","img":"https://fd8-photos.leclercdrive.fr/image.ashx?id=2952454&use=l&cat=p&typeid=i","cat":312392},{"id":66948,"n":"Armagnac 40°C - 50cl Nos Régions Ont du Talent","p":16.45,"u":"32,90 €/L","img":"https://fd8-photos.leclercdrive.fr/image.ashx?id=2161287&use=l&cat=p&typeid=i","cat":286032},{"id":66965,"n":"Matière grasse Primevere Oméga 3 - 55% - 500g","p":3.29,"u":"6,58 €/KG","img":"https://fd8-photos.leclercdrive.fr/image.ashx?id=2939328&use=l&cat=p&typeid=i","cat":315229},{"id":66968,"n":"Beurre tendre Président Doux - 82% MG - 250g","p":3.35,"u":"13,40 €/KG","img":"https://fd8-photos.leclercdrive.fr/image.ashx?id=2811944&use=l&cat=p&typeid=i","cat":284379},{"id":66977,"n":"Quenelles Bio Bio Village 320g","p":3.49,"u":"10,91 €/KG","img":"https://fd8-photos.leclercdrive.fr/image.ashx?id=2607963&use=l&cat=p&typeid=i","cat":333682},{"id":66978,"n":"Poire bio Bio Village Barquette x4","p":2.99,"u":"0,75 €/P","img":"https://fd8-photos.leclercdrive.fr/image.ashx?id=2552002&use=l&cat=p&typeid=i","cat":284356},{"id":66985,"n":"Roulés au fromage Côté Table x2 - 260g","p":2.32,"u":"8,92 €/KG","img":"https://fd8-photos.leclercdrive.fr/image.ashx?id=2794838&use=l&cat=p&typeid=i","cat":333671},{"id":66990,"n":"Yaourt bifidus Activia céréales muesli - 4x120g","p":1.9,"u":"3,96 €/KG","img":"https://fd8-photos.leclercdrive.fr/image.ashx?id=2901620&use=l&cat=p&typeid=i","cat":315000},{"id":67025,"n":"AOP Bordeaux supérieur Rouge Bordeaux de Citran - 75cl","p":6.5,"pp":4.29,"u":"5,72 €/L","img":"https://fd8-photos.leclercdrive.fr/image.ashx?id=2276975&use=l&cat=p&typeid=i","cat":289556},{"id":67090,"n":"Soupe Doux Plaisir Liebig  Légumes et kiri - 1L","p":2.41,"u":"2,41 €/L","img":"https://fd8-photos.leclercdrive.fr/image.ashx?id=2186706&use=l&cat=p&typeid=i","cat":284462},{"id":67091,"n":"Soupe Liquide Bio Liebig Mouliné de Légumes Brique - 1L","p":2.42,"u":"2,42 €/L","img":"https://fd8-photos.leclercdrive.fr/image.ashx?id=2939202&use=l&cat=p&typeid=i","cat":284462},{"id":67142,"n":"Duo amandes Daco Bello  Grillées non salées - 175g","p":4.29,"u":"24,51 €/KG","img":"https://fd8-photos.leclercdrive.fr/image.ashx?id=2298538&use=l&cat=p&typeid=i","cat":284357},{"id":67143,"n":"Quatro de graines Daco Bello Grillées - Non salées - 175g","p":4.99,"u":"28,51 €/KG","img":"https://fd8-photos.leclercdrive.fr/image.ashx?id=2298544&use=l&cat=p&typeid=i","cat":284357},{"id":67150,"n":"Croustilles Belin Emmental - 4x138g","p":4.76,"u":"8,62 €/KG","img":"https://fd8-photos.leclercdrive.fr/image.ashx?id=2539025&use=l&cat=p&typeid=i","cat":284449},{"id":67151,"n":"Croustilles Belin Cacahuète - 4x138g","p":4.76,"u":"8,62 €/KG","img":"https://fd8-photos.leclercdrive.fr/image.ashx?id=2940477&use=l&cat=p&typeid=i","cat":284449},{"id":67152,"n":"Tablette de chocolat noir Lindt Zestes de citron vert - 2x100g","p":6.77,"u":"33,85 €/KG","img":"https://fd8-photos.leclercdrive.fr/image.ashx?id=2230887&use=l&cat=p&typeid=i","cat":284956},{"id":67168,"n":"Yaourt à boire Actimel fruits pêche gelée royale - 12x100g","p":4.95,"u":"4,13 €/KG","img":"https://fd8-photos.leclercdrive.fr/image.ashx?id=2996473&use=l&cat=p&typeid=i","cat":284415},{"id":67305,"n":"Cordon de poulet Maître Coq A la Normande - 800g","p":7.14,"u":"8,93 €/KG","img":"https://fd8-photos.leclercdrive.fr/image.ashx?id=2426935&use=l&cat=p&typeid=i","cat":333683},{"id":67378,"n":"Sirop Eco+ Grenadine - 1L","p":1.71,"u":"1,71 €/L","img":"https://fd8-photos.leclercdrive.fr/image.ashx?id=2901419&use=l&cat=p&typeid=i","cat":295020},{"id":67392,"n":"Boisson aux fruits gazeuses Pulpe orange - 1,5L","p":1.17,"u":"0,78 €/L","img":"https://fd8-photos.leclercdrive.fr/image.ashx?id=3013567&use=l&cat=p&typeid=i","cat":284532},{"id":67393,"n":"Beurre gastronomique Président Doux - 82% MG - 250g","p":2.85,"u":"11,40 €/KG","img":"https://fd8-photos.leclercdrive.fr/image.ashx?id=3011104&use=l&cat=p&typeid=i","cat":284379},{"id":67459,"n":"Haricots blancs Eco+ 530g","p":0.95,"u":"1,79 €/KG","img":"https://fd8-photos.leclercdrive.fr/image.ashx?id=3003717&use=l&cat=p&typeid=i","cat":312606},{"id":67460,"n":"Champignons Pieds morceaux - 460g","p":1.42,"u":"3,09 €/KG","img":"https://fd8-photos.leclercdrive.fr/image.ashx?id=1959981&use=l&cat=p&typeid=i","cat":312610},{"id":67461,"n":"Patafix Uhu Blanc - 80 pastilles","p":2.39,"img":"https://fd8-photos.leclercdrive.fr/image.ashx?id=1551440&use=l&cat=p&typeid=i","cat":334133},{"id":67522,"n":"Chili con carne Côté Table Au piment de Cayenne - 400g","p":1.65,"u":"4,13 €/KG","img":"https://fd8-photos.leclercdrive.fr/image.ashx?id=2977174&use=l&cat=p&typeid=i","cat":325094},{"id":67568,"n":"Curry moulu Rustica 42g","p":0.55,"u":"13,10 €/KG","img":"https://fd8-photos.leclercdrive.fr/image.ashx?id=2772975&use=l&cat=p&typeid=i","cat":298297},{"id":67569,"n":"Oignon semoule Rustica Déshydraté - 30g","p":1.02,"u":"34,00 €/KG","img":"https://fd8-photos.leclercdrive.fr/image.ashx?id=2772978&use=l&cat=p&typeid=i","cat":298297},{"id":67570,"n":"Poivre noir moulu Rustica Indonésie - 38g","p":0.81,"u":"21,32 €/KG","img":"https://fd8-photos.leclercdrive.fr/image.ashx?id=2797793&use=l&cat=p&typeid=i","cat":284457},{"id":67571,"n":"Poivre noir Rustica Moulin - 28g","p":1.22,"u":"43,57 €/KG","img":"https://fd8-photos.leclercdrive.fr/image.ashx?id=2932674&use=l&cat=p&typeid=i","cat":284457},{"id":67572,"n":"Ciboulette Rustica 4g","p":0.43,"u":"107,50 €/KG","img":"https://fd8-photos.leclercdrive.fr/image.ashx?id=2772990&use=l&cat=p&typeid=i","cat":298297},{"id":67573,"n":"Cumin moulu Rustica 32g","p":0.59,"u":"18,44 €/KG","img":"https://fd8-photos.leclercdrive.fr/image.ashx?id=2772963&use=l&cat=p&typeid=i","cat":298297},{"id":67620,"n":"Persil Rustica 5g","p":0.39,"u":"78,00 €/KG","img":"https://fd8-photos.leclercdrive.fr/image.ashx?id=2772969&use=l&cat=p&typeid=i","cat":298297},{"id":67621,"n":"Paprika doux moulu Rustica  40g","p":0.49,"u":"12,25 €/KG","img":"https://fd8-photos.leclercdrive.fr/image.ashx?id=2772966&use=l&cat=p&typeid=i","cat":298297},{"id":67622,"n":"Thym Rustica 14g","p":0.4,"u":"28,57 €/KG","img":"https://fd8-photos.leclercdrive.fr/image.ashx?id=2797784&use=l&cat=p&typeid=i","cat":298297},{"id":67651,"n":"Poivre Noir moulu Bio Village Bio  - 38g","p":1.99,"u":"52,37 €/KG","img":"https://fd8-photos.leclercdrive.fr/image.ashx?id=2706538&use=l&cat=p&typeid=i","cat":284457},{"id":67652,"n":"Poivre gris moulu Flacon - 36g","p":1.11,"u":"30,83 €/KG","img":"https://fd8-photos.leclercdrive.fr/image.ashx?id=2797778&use=l&cat=p&typeid=i","cat":284457},{"id":67653,"n":"Gingembre moulu Rustica 27g","p":1.19,"u":"44,07 €/KG","img":"https://fd8-photos.leclercdrive.fr/image.ashx?id=2797796&use=l&cat=p&typeid=i","cat":298297},{"id":67654,"n":"Ail semoule Bio Village Bio 56g","p":1.99,"u":"35,54 €/KG","img":"https://fd8-photos.leclercdrive.fr/image.ashx?id=2991461&use=l&cat=p&typeid=i","cat":298297},{"id":67667,"n":"Purée de tomate Panzani Tomacouli nature - 500g","p":0.98,"u":"1,96 €/KG","img":"https://fd8-photos.leclercdrive.fr/image.ashx?id=2979623&use=l&cat=p&typeid=i","cat":288384},{"id":67678,"n":"Curcuma moulu Rustica 37g","p":0.66,"u":"17,84 €/KG","img":"https://fd8-photos.leclercdrive.fr/image.ashx?id=2772981&use=l&cat=p&typeid=i","cat":298297},{"id":67679,"n":"Estragon Rustica 7g","p":0.79,"u":"112,86 €/KG","img":"https://fd8-photos.leclercdrive.fr/image.ashx?id=2772993&use=l&cat=p&typeid=i","cat":298297},{"id":67680,"n":"Herbes de provence Rustica 120g","p":2.6,"u":"21,67 €/KG","img":"https://fd8-photos.leclercdrive.fr/image.ashx?id=2907228&use=l&cat=p&typeid=i","cat":298297},{"id":67681,"n":"Herbes de Provence Rustica 18g","p":0.41,"u":"22,78 €/KG","img":"https://fd8-photos.leclercdrive.fr/image.ashx?id=2772972&use=l&cat=p&typeid=i","cat":298297},{"id":67682,"n":"Noix de Muscade Rustica Moulue - 32g","p":1.36,"u":"42,50 €/KG","img":"https://fd8-photos.leclercdrive.fr/image.ashx?id=2772996&use=l&cat=p&typeid=i","cat":298297},{"id":67683,"n":"Persillade Rustica 95g","p":1.74,"u":"18,32 €/KG","img":"https://fd8-photos.leclercdrive.fr/image.ashx?id=2932668&use=l&cat=p&typeid=i","cat":298297},{"id":67693,"n":"Piment de Cayenne Rustica 38g","p":1.09,"u":"28,68 €/KG","img":"https://fd8-photos.leclercdrive.fr/image.ashx?id=2932671&use=l&cat=p&typeid=i","cat":298297},{"id":67712,"n":"Yaourts nature Délisse Au lait chèvre - 4x125g","p":1.84,"u":"3,68 €/KG","img":"https://fd8-photos.leclercdrive.fr/image.ashx?id=1231988&use=l&cat=p&typeid=i","cat":314998},{"id":67714,"n":"Yaourts à la Grecque Délisse Lait brebis, nature - 2x150g","p":1.84,"u":"6,13 €/KG","img":"https://fd8-photos.leclercdrive.fr/image.ashx?id=1993586&use=l&cat=p&typeid=i","cat":314999},{"id":67726,"n":"AOC Crémant de Bourgogne Veuve Ambal Rosé brut - 75cl","p":7.38,"u":"9,84 €/L","img":"https://fd8-photos.leclercdrive.fr/image.ashx?id=2021286&use=l&cat=p&typeid=i","cat":284545},{"id":67807,"n":"Nettoyant spray Clair Javel - Cuisine - 750ml","p":1.73,"u":"2,31 €/L","img":"https://fd8-photos.leclercdrive.fr/image.ashx?id=2840479&use=l&cat=p&typeid=i","cat":325357},{"id":67875,"n":"The Pik Box Haribo Boîte bonbons acidulés - 550g","p":4.69,"u":"8,53 €/KG","img":"https://fd8-photos.leclercdrive.fr/image.ashx?id=2805219&use=l&cat=p&typeid=i","cat":304250},{"id":67879,"n":"Champagne Brut Mumm Demi bouteille 12%vol - 37.5cl","p":17.35,"u":"46,27 €/L","img":"https://fd8-photos.leclercdrive.fr/image.ashx?id=2998910&use=l&cat=p&typeid=i","cat":284542},{"id":67885,"n":"Crème fraîche épaisse Président Entière 30%mg - 45cl","p":2.39,"u":"5,31 €/L","img":"https://fd8-photos.leclercdrive.fr/image.ashx?id=2971948&use=l&cat=p&typeid=i","cat":284381},{"id":67890,"n":"Mélange de fruits de mer Costa - 360g","p":8.5,"u":"23,61 €/KG","img":"https://fd8-photos.leclercdrive.fr/image.ashx?id=2741132&use=l&cat=p&typeid=i","cat":319787},{"id":67892,"n":"Amandes décortiquées Sun 300g","p":7.15,"u":"23,83 €/KG","img":"https://fd8-photos.leclercdrive.fr/image.ashx?id=2765027&use=l&cat=p&typeid=i","cat":284448},{"id":67896,"n":"Gel Douche Le Petit Marseillais  Pin et criste marine - 250ml","p":1.46,"u":"5,84 €/L","img":"https://fd8-photos.leclercdrive.fr/image.ashx?id=2676452&use=l&cat=p&typeid=i","cat":284594},{"id":68009,"n":"Yaourt Enfant Petits Filous Fruits Mixés Panaché - 18x50g","p":2.85,"u":"3,17 €/KG","img":"https://fd8-photos.leclercdrive.fr/image.ashx?id=2767362&use=l&cat=p&typeid=i","cat":284414},{"id":68010,"n":"Crème dessert Bio Les 2 vaches Vanille - 4x95g","p":1.89,"u":"4,97 €/KG","img":"https://fd8-photos.leclercdrive.fr/image.ashx?id=2774015&use=l&cat=p&typeid=i","cat":285041},{"id":68012,"n":"Crème dessert Bio Les 2 vaches Chocolat - 4x95g","p":1.89,"u":"4,97 €/KG","img":"https://fd8-photos.leclercdrive.fr/image.ashx?id=2774100&use=l&cat=p&typeid=i","cat":285041},{"id":68087,"n":"Ananas Douceur du Verger Tranches brisées -  340g","p":1.59,"u":"4,68 €/KG","img":"https://fd8-photos.leclercdrive.fr/image.ashx?id=2485086&use=l&cat=p&typeid=i","cat":284507},{"id":68088,"n":"Cannelle Rustica 39g","p":0.88,"u":"22,56 €/KG","img":"https://fd8-photos.leclercdrive.fr/image.ashx?id=2772960&use=l&cat=p&typeid=i","cat":298297},{"id":68090,"n":"Champignons Bio Village Bio Emincés - 170g","p":2.25,"u":"13,24 €/KG","img":"https://fd8-photos.leclercdrive.fr/image.ashx?id=2613294&use=l&cat=p&typeid=i","cat":312610},{"id":68093,"n":"Champignons Paris Notre Jardin Entiers - 2x115g","p":1.85,"u":"8,04 €/KG","img":"https://fd8-photos.leclercdrive.fr/image.ashx?id=2724699&use=l&cat=p&typeid=i","cat":312610},{"id":68094,"n":"Poivre blanc Rustica Moulu - 36g","p":1.89,"u":"52,50 €/KG","img":"https://fd8-photos.leclercdrive.fr/image.ashx?id=2772987&use=l&cat=p&typeid=i","cat":284457},{"id":68095,"n":"Yaourt à la grecque YAOS Nature lit de fraises 4x125g","p":2.49,"u":"4,98 €/KG","img":"https://fd8-photos.leclercdrive.fr/image.ashx?id=2729734&use=l&cat=p&typeid=i","cat":314999},{"id":68097,"n":"Yaourt à la grecque YAOS Citron - 4x125g","p":2.89,"u":"5,78 €/KG","img":"https://fd8-photos.leclercdrive.fr/image.ashx?id=2578672&use=l&cat=p&typeid=i","cat":314999},{"id":68145,"n":"Courge Spaghetti  La pièce","p":2.79,"img":"https://fd8-photos.leclercdrive.fr/image.ashx?id=1631269&use=l&cat=p&typeid=i","cat":284352},{"id":68214,"n":"Biscuits Petits Cœurs LU Chocolat - 125g","p":1.34,"u":"10,72 €/KG","img":"https://fd8-photos.leclercdrive.fr/image.ashx?id=3002021&use=l&cat=p&typeid=i","cat":284488},{"id":68217,"n":"Biscuits Croc Sablé Pépito  Chocolat - 294g","p":1.35,"u":"4,59 €/KG","img":"https://fd8-photos.leclercdrive.fr/image.ashx?id=2347254&use=l&cat=p&typeid=i","cat":284488},{"id":68219,"n":"Biscuit Petit déjeuner Belvita Moelleux Choco Noisettes - 250g","p":2.89,"u":"11,56 €/KG","img":"https://fd8-photos.leclercdrive.fr/image.ashx?id=3005332&use=l&cat=p&typeid=i","cat":284491},{"id":68242,"n":"Marrons Filet 500g","p":2.29,"u":"4,58 €/KG","img":"https://fd8-photos.leclercdrive.fr/image.ashx?id=1635487&use=l&cat=p&typeid=i","cat":284356},{"id":68278,"n":"Recharge gel lavant Manava Hypoallergénique - 250ml","p":0.66,"u":"2,64 €/L","img":"https://fd8-photos.leclercdrive.fr/image.ashx?id=2935537&use=l&cat=p&typeid=i","cat":284597},{"id":68355,"n":"Compote pomme poire Bio Bio Village - 4x100g","p":1.99,"u":"4,98 €/KG","img":"https://fd8-photos.leclercdrive.fr/image.ashx?id=2454638&use=l&cat=p&typeid=i","cat":284416},{"id":68399,"n":"Poisson pané Double délice   Findus x8 - 600g","p":5.09,"u":"8,48 €/KG","img":"https://fd8-photos.leclercdrive.fr/image.ashx?id=2679594&use=l&cat=p&typeid=i","cat":319788},{"id":68432,"n":"Gel WC Syphon Activ'Effect Fraîcheur pin - 750ml","p":0.74,"u":"0,99 €/L","img":"https://fd8-photos.leclercdrive.fr/image.ashx?id=2388382&use=l&cat=p&typeid=i","cat":284662},{"id":68433,"n":"Destructeur d'odeurs Bien air Escapade forêt - 250ml","p":2.42,"u":"9,68 €/L","img":"https://fd8-photos.leclercdrive.fr/image.ashx?id=2593465&use=l&cat=p&typeid=i","cat":311626},{"id":68445,"n":"Recharge crème lavante Manava Framboise pivoine - 250ml","p":0.57,"u":"2,28 €/L","img":"https://fd8-photos.leclercdrive.fr/image.ashx?id=2935510&use=l&cat=p&typeid=i","cat":284597},{"id":68449,"n":"Perles désodorisantes Bien Air Japon","p":2.25,"img":"https://fd8-photos.leclercdrive.fr/image.ashx?id=2939070&use=l&cat=p&typeid=i","cat":311628},{"id":68450,"n":"Lingettes Clair Dépoussiérantes - x40","p":3.94,"u":"0,10 €/P","img":"https://fd8-photos.leclercdrive.fr/image.ashx?id=2863039&use=l&cat=p&typeid=i","cat":325364},{"id":68452,"n":"Lingettes hygiène intime Doulys Individuelles - x16","p":1.59,"u":"0,10 €/P","img":"https://fd8-photos.leclercdrive.fr/image.ashx?id=2671825&use=l&cat=p&typeid=i","cat":284627},{"id":68453,"n":"Gel lavant Manava Hypoallergénique - 300ml","p":1.05,"u":"3,50 €/L","img":"https://fd8-photos.leclercdrive.fr/image.ashx?id=2935528&use=l&cat=p&typeid=i","cat":284597},{"id":68454,"n":"Savon noir Clair Mou - 1kg","p":4.3,"u":"4,30 €/KG","img":"https://fd8-photos.leclercdrive.fr/image.ashx?id=2874383&use=l&cat=p&typeid=i","cat":284907},{"id":68455,"n":"Gel nettoyant Syphon Entretien menthe - 1L","p":2.89,"u":"2,89 €/L","img":"https://fd8-photos.leclercdrive.fr/image.ashx?id=1846253&use=l&cat=p&typeid=i","cat":284908},{"id":68457,"n":"Nettoyant Clair Parquets modernes - 1L","p":2.45,"u":"2,45 €/L","img":"https://fd8-photos.leclercdrive.fr/image.ashx?id=2652909&use=l&cat=p&typeid=i","cat":284907},{"id":68459,"n":"Nettoyant Clair Parquets classiques - 1L","p":2.45,"u":"2,45 €/L","img":"https://fd8-photos.leclercdrive.fr/image.ashx?id=1948027&use=l&cat=p&typeid=i","cat":284907},{"id":68475,"n":"Culotte Chorys Médium nuit - x12","p":8.56,"u":"0,71 €/P","img":"https://fd8-photos.leclercdrive.fr/image.ashx?id=2716009&use=l&cat=p&typeid=i","cat":284628},{"id":68476,"n":"Culotte Chorys Absorption plus large nuit x10","p":7.14,"u":"0,71 €/P","img":"https://fd8-photos.leclercdrive.fr/image.ashx?id=2704490&use=l&cat=p&typeid=i","cat":284628},{"id":68479,"n":"Couches de bain Mots d'Enfants Baby Swim - Taille S - x12","p":6.1,"img":"https://fd8-photos.leclercdrive.fr/image.ashx?id=2907219&use=l&cat=p&typeid=i","cat":290634},{"id":68482,"n":"Couches de bain Mots d'Enfants Baby Swim - Taille M - x11","p":5.89,"u":"0,54 €/P","img":"https://fd8-photos.leclercdrive.fr/image.ashx?id=2907222&use=l&cat=p&typeid=i","cat":290634},{"id":68486,"n":"Tampon Nett  Digital normal boite - x24","p":2.0,"u":"0,08 €/P","img":"https://fd8-photos.leclercdrive.fr/image.ashx?id=2359657&use=l&cat=p&typeid=i","cat":284626},{"id":68487,"n":"Tampons Nett Procomfort Digitaux - Super - x24","p":2.0,"u":"0,08 €/P","img":"https://fd8-photos.leclercdrive.fr/image.ashx?id=2502625&use=l&cat=p&typeid=i","cat":284626},{"id":68736,"n":"Thé vert Bio Clipper 20 sachets - 35g","p":1.99,"u":"56,86 €/KG","img":"https://fd8-photos.leclercdrive.fr/image.ashx?id=2912548&use=l&cat=p&typeid=i","cat":293233},{"id":68737,"n":"Crème de coco légère Bio Bjorg  20cl","p":1.79,"u":"8,95 €/L","img":"https://fd8-photos.leclercdrive.fr/image.ashx?id=2936386&use=l&cat=p&typeid=i","cat":288992},{"id":68738,"n":"Soja cuisine - semi-épaisse Bio Bjorg - 25cl","p":0.93,"u":"3,72 €/L","img":"https://fd8-photos.leclercdrive.fr/image.ashx?id=2906196&use=l&cat=p&typeid=i","cat":316069},{"id":68772,"n":"Sapin 120cm standard 1 pièce","p":9.9,"img":"https://fd8-photos.leclercdrive.fr/image.ashx?id=1996622&use=l&cat=p&typeid=i","cat":335913},{"id":68824,"n":"Coton maxi carré Inell Aloé Vera - x50","p":1.75,"u":"0,04 €/P","img":"https://fd8-photos.leclercdrive.fr/image.ashx?id=1959190&use=l&cat=p&typeid=i","cat":284636},{"id":68844,"n":"Mini crackers Tokapi 75g","p":0.95,"u":"12,67 €/KG","img":"https://fd8-photos.leclercdrive.fr/image.ashx?id=2096458&use=l&cat=p&typeid=i","cat":297000},{"id":68862,"n":"Pâte à tartiner Nustikao 600g","p":2.73,"u":"4,55 €/KG","img":"https://fd8-photos.leclercdrive.fr/image.ashx?id=2856555&use=l&cat=p&typeid=i","cat":284481},{"id":68863,"n":"Compote Douceur du Verger Gourdes Pomme - 12x90g","p":2.95,"u":"2,73 €/KG","img":"https://fd8-photos.leclercdrive.fr/image.ashx?id=2317276&use=l&cat=p&typeid=i","cat":284508},{"id":68864,"n":"Compote Douceur du Verger Bocal pomme poire - 710g","p":1.75,"u":"2,46 €/KG","img":"https://fd8-photos.leclercdrive.fr/image.ashx?id=2263224&use=l&cat=p&typeid=i","cat":284508},{"id":68865,"n":"Compote Douceur du Verger Bocal pomme vanille - 710g","p":1.57,"u":"2,21 €/KG","img":"https://fd8-photos.leclercdrive.fr/image.ashx?id=1929349&use=l&cat=p&typeid=i","cat":284508},{"id":68866,"n":"Compote Douceur du Verger Bocal pomme - 710g","p":1.27,"u":"1,79 €/KG","img":"https://fd8-photos.leclercdrive.fr/image.ashx?id=2232589&use=l&cat=p&typeid=i","cat":284508},{"id":68868,"n":"Riz long Bio Village Bio semi complet - 500g","p":2.25,"u":"4,50 €/KG","img":"https://fd8-photos.leclercdrive.fr/image.ashx?id=2441513&use=l&cat=p&typeid=i","cat":284428},{"id":68870,"n":"Pistaches Bio Village Grillées salées bio - 100g","p":2.6,"u":"26,00 €/KG","img":"https://fd8-photos.leclercdrive.fr/image.ashx?id=2615789&use=l&cat=p&typeid=i","cat":284448},{"id":68881,"n":"Litchis Douceur du Verger Sirop léger - 250g","p":2.74,"u":"10,96 €/KG","img":"https://fd8-photos.leclercdrive.fr/image.ashx?id=2485089&use=l&cat=p&typeid=i","cat":284507},{"id":68882,"n":"Compote bio Bio Village Coupelle pomme - 8x100g","p":2.89,"u":"3,61 €/KG","img":"https://fd8-photos.leclercdrive.fr/image.ashx?id=1947749&use=l&cat=p&typeid=i","cat":284508},{"id":68902,"n":"Crackers Tokapi 100g","p":0.46,"u":"4,60 €/KG","img":"https://fd8-photos.leclercdrive.fr/image.ashx?id=2661073&use=l&cat=p&typeid=i","cat":297000},{"id":68913,"n":"Purificateur d'air Sanytol Désinfectant - 300ml","p":3.11,"u":"10,37 €/L","img":"https://fd8-photos.leclercdrive.fr/image.ashx?id=2901659&use=l&cat=p&typeid=i","cat":311626},{"id":68914,"n":"Riz Basmati Comptoir du grain Variété Traditionelle - 1kg","p":3.56,"u":"3,56 €/KG","img":"https://fd8-photos.leclercdrive.fr/image.ashx?id=2583271&use=l&cat=p&typeid=i","cat":284428},{"id":68921,"n":"Boisson lactée Tous mes amis pour chats stérilisé - 3x200ml","p":2.45,"u":"4,08 €/L","img":"https://fd8-photos.leclercdrive.fr/image.ashx?id=1236376&use=l&cat=p&typeid=i","cat":285285},{"id":68926,"n":"Chips Bio Village Légumes bio - sachet - 80g","p":2.39,"u":"29,88 €/KG","img":"https://fd8-photos.leclercdrive.fr/image.ashx?id=2743843&use=l&cat=p&typeid=i","cat":284447},{"id":68951,"n":"Crème dessert La Laitière  Velours de crème caramel 4x85g","p":1.88,"u":"5,53 €/KG","img":"https://fd8-photos.leclercdrive.fr/image.ashx?id=3007930&use=l&cat=p&typeid=i","cat":285041},{"id":68953,"n":"Crème dessert La Laitière Chocolat Caramel - 4x85g","p":2.19,"u":"6,44 €/KG","img":"https://fd8-photos.leclercdrive.fr/image.ashx?id=2633827&use=l&cat=p&typeid=i","cat":285041},{"id":68981,"n":"Couscous Chaque jour sans gluten - de maïs - 375g","p":3.09,"u":"8,24 €/KG","img":"https://fd8-photos.leclercdrive.fr/image.ashx?id=2764143&use=l&cat=p&typeid=i","cat":284429},{"id":68986,"n":"Lait d'amande Bio Village Sans sucre bio - 1L","p":1.41,"u":"1,41 €/L","img":"https://fd8-photos.leclercdrive.fr/image.ashx?id=2939097&use=l&cat=p&typeid=i","cat":316067},{"id":68996,"n":"Crackers bio Bio Village Emmental courge - 200g","p":2.69,"u":"13,45 €/KG","img":"https://fd8-photos.leclercdrive.fr/image.ashx?id=2310507&use=l&cat=p&typeid=i","cat":297000},{"id":69003,"n":"Galettes maïs Bio Village Chocolat noir bio - 100g","p":1.89,"u":"18,90 €/KG","img":"https://fd8-photos.leclercdrive.fr/image.ashx?id=2559399&use=l&cat=p&typeid=i","cat":318651},{"id":69004,"n":"Moutarde Bio Village A l'ancienne bio - 200g","p":1.57,"u":"7,85 €/KG","img":"https://fd8-photos.leclercdrive.fr/image.ashx?id=2607966&use=l&cat=p&typeid=i","cat":288850},{"id":69006,"n":"Tomates séchées Rustica Bocal - 280g","p":2.5,"u":"8,93 €/KG","img":"https://fd8-photos.leclercdrive.fr/image.ashx?id=2539457&use=l&cat=p&typeid=i","cat":284458},{"id":69011,"n":"Petit beurre Sans Gluten 130g","p":1.82,"u":"14,00 €/KG","img":"https://fd8-photos.leclercdrive.fr/image.ashx?id=2460622&use=l&cat=p&typeid=i","cat":318654},{"id":69016,"n":"Sauce au Bleu Bénédicta Gamme Gourmet - 260g","p":2.05,"u":"7,88 €/KG","img":"https://fd8-photos.leclercdrive.fr/image.ashx?id=2616177&use=l&cat=p&typeid=i","cat":318430},{"id":69061,"n":"Yaourt nature Danone 4x125g","p":0.99,"u":"1,98 €/KG","img":"https://fd8-photos.leclercdrive.fr/image.ashx?id=2911184&use=l&cat=p&typeid=i","cat":284409},{"id":69062,"n":"Yaourt nature Danone 12x125g","p":2.79,"u":"1,86 €/KG","img":"https://fd8-photos.leclercdrive.fr/image.ashx?id=2915688&use=l&cat=p&typeid=i","cat":284409},{"id":69063,"n":"Yaourt nature Danone 16x125g","p":3.25,"u":"1,63 €/KG","img":"https://fd8-photos.leclercdrive.fr/image.ashx?id=2915691&use=l&cat=p&typeid=i","cat":284409},{"id":69067,"n":"Crème dessert Délisse Saveur cookies - 4x125g","p":1.52,"u":"3,04 €/KG","img":"https://fd8-photos.leclercdrive.fr/image.ashx?id=2441405&use=l&cat=p&typeid=i","cat":285041},{"id":69068,"n":"Crème dessert Délisse Saveur Brownie - 4x125g","p":1.55,"u":"3,10 €/KG","img":"https://fd8-photos.leclercdrive.fr/image.ashx?id=2441411&use=l&cat=p&typeid=i","cat":285041},{"id":69069,"n":"Yaourts brassés velouté Danone Nature - 12x125g","p":3.55,"u":"2,37 €/KG","img":"https://fd8-photos.leclercdrive.fr/image.ashx?id=2865581&use=l&cat=p&typeid=i","cat":284409},{"id":69070,"n":"Yaourts brassés velouté Danone Nature - 16x125g","p":4.27,"u":"2,14 €/KG","img":"https://fd8-photos.leclercdrive.fr/image.ashx?id=2865584&use=l&cat=p&typeid=i","cat":284409},{"id":69071,"n":"yaourt aux fruits danonino aromatisé - 12x125g","p":3.15,"u":"2,10 €/KG","img":"https://fd8-photos.leclercdrive.fr/image.ashx?id=2883432&use=l&cat=p&typeid=i","cat":284414},{"id":69072,"n":"petit suisse aux fruits danonino - 6x50g","p":1.79,"u":"5,97 €/KG","img":"https://fd8-photos.leclercdrive.fr/image.ashx?id=2785208&use=l&cat=p&typeid=i","cat":284414},{"id":69074,"n":"Yaourts brassés Velouté Danone Nature - 8x125g","p":2.55,"u":"2,55 €/KG","img":"https://fd8-photos.leclercdrive.fr/image.ashx?id=2865590&use=l&cat=p&typeid=i","cat":284409},{"id":69141,"n":"Papier cuisson Elembal Rouleau 8m","p":1.08,"u":"0,14 €/MT","img":"https://fd8-photos.leclercdrive.fr/image.ashx?id=2824955&use=l&cat=p&typeid=i","cat":334134},{"id":69145,"n":"Crème lavante Manava Framboise pivoine - 300ml","p":1.28,"u":"4,27 €/L","img":"https://fd8-photos.leclercdrive.fr/image.ashx?id=2935507&use=l&cat=p&typeid=i","cat":284597},{"id":69148,"n":"Café dosettes Tassimo L'Or Café Long Intense x16","p":4.83,"u":"37,73 €/KG","img":"https://fd8-photos.leclercdrive.fr/image.ashx?id=2290599&use=l&cat=p&typeid=i","cat":293240},{"id":69150,"n":"Nettoyant multi surfaces Clair Citron - 1.5L","p":1.7,"u":"1,13 €/L","img":"https://fd8-photos.leclercdrive.fr/image.ashx?id=2534211&use=l&cat=p&typeid=i","cat":284907},{"id":69151,"n":"Nettoyant multi surfaces Clair Pins - 1.5L","p":1.7,"u":"1,13 €/L","img":"https://fd8-photos.leclercdrive.fr/image.ashx?id=2369164&use=l&cat=p&typeid=i","cat":284907},{"id":69152,"n":"Nettoyant multi surfaces Clair Fleurs - 1.5L","p":1.7,"u":"1,13 €/L","img":"https://fd8-photos.leclercdrive.fr/image.ashx?id=2381556&use=l&cat=p&typeid=i","cat":284907},{"id":69153,"n":"Nettoyant multi surfaces Clair Fraîcheur pure - 1.5L","p":1.7,"u":"1,13 €/L","img":"https://fd8-photos.leclercdrive.fr/image.ashx?id=2373263&use=l&cat=p&typeid=i","cat":284907},{"id":69154,"n":"Nettoyant multi surfaces Clair Savon de Marseille - 1.5L","p":1.7,"u":"1,13 €/L","img":"https://fd8-photos.leclercdrive.fr/image.ashx?id=2858845&use=l&cat=p&typeid=i","cat":284907},{"id":69155,"n":"Nettoyant multi surfaces Clair Savon noir - 1.5L","p":1.7,"u":"1,13 €/L","img":"https://fd8-photos.leclercdrive.fr/image.ashx?id=2849584&use=l&cat=p&typeid=i","cat":284907},{"id":69159,"n":"Poelée cuisinée légumes Bio Bio village - 600g","p":2.99,"u":"4,98 €/KG","img":"https://fd8-photos.leclercdrive.fr/image.ashx?id=2898074&use=l&cat=p&typeid=i","cat":319823},{"id":69161,"n":"Purée carotte bio Bio Village 450g","p":1.39,"u":"3,09 €/KG","img":"https://fd8-photos.leclercdrive.fr/image.ashx?id=2878747&use=l&cat=p&typeid=i","cat":319805},{"id":69163,"n":"Purée 100% brocolis Bio Bio Village - 450g","p":1.75,"u":"3,89 €/KG","img":"https://fd8-photos.leclercdrive.fr/image.ashx?id=2878750&use=l&cat=p&typeid=i","cat":319805},{"id":69164,"n":"Pizza chèvre feu de bois Bio  Bio Village - 360g","p":3.19,"u":"8,86 €/KG","img":"https://fd8-photos.leclercdrive.fr/image.ashx?id=2897898&use=l&cat=p&typeid=i","cat":284256},{"id":69211,"n":"Brioche tressée Epi d'or Perles de sucre - 500g","p":2.5,"u":"5,00 €/KG","img":"https://fd8-photos.leclercdrive.fr/image.ashx?id=2860745&use=l&cat=p&typeid=i","cat":284478},{"id":69215,"n":"Pains wrap Epi d'Or Nature x6 - 383g","p":1.95,"u":"5,09 €/KG","img":"https://fd8-photos.leclercdrive.fr/image.ashx?id=2425488&use=l&cat=p&typeid=i","cat":284985},{"id":69218,"n":"Mini toasts Epi d'or Carré - 120g","p":1.79,"u":"14,92 €/KG","img":"https://fd8-photos.leclercdrive.fr/image.ashx?id=2564339&use=l&cat=p&typeid=i","cat":285454},{"id":69227,"n":"Huile vierge Bio Village Coco bio - 200ml","p":2.28,"u":"11,40 €/L","img":"https://fd8-photos.leclercdrive.fr/image.ashx?id=1974311&use=l&cat=p&typeid=i","cat":284453},{"id":69233,"n":"Capsules café L'Or Espresso Ristretto N°11 x10","p":3.21,"u":"61,73 €/KG","img":"https://fd8-photos.leclercdrive.fr/image.ashx?id=2260869&use=l&cat=p&typeid=i","cat":284749},{"id":69256,"n":"Dessert panaché Andros Panaché - 16x100g","p":5.49,"u":"3,43 €/KG","img":"https://fd8-photos.leclercdrive.fr/image.ashx?id=2875114&use=l&cat=p&typeid=i","cat":284416},{"id":69268,"n":"Liquide vaisselle Rainett Citron écologique - 750ml","p":1.59,"u":"2,12 €/L","img":"https://fd8-photos.leclercdrive.fr/image.ashx?id=2297129&use=l&cat=p&typeid=i","cat":284655},{"id":69280,"n":"Couches bébé Mots d'enfants Midi T3 4/9kg - x50 changes","p":6.35,"u":"0,13 €/P","img":"https://fd8-photos.leclercdrive.fr/image.ashx?id=2699717&use=l&cat=p&typeid=i","cat":284737},{"id":69281,"n":"Couches bébé Mots d'enfants Ultra confort T4 7/18kg - x44","p":6.35,"u":"0,14 €/P","img":"https://fd8-photos.leclercdrive.fr/image.ashx?id=2699720&use=l&cat=p&typeid=i","cat":284737},{"id":69282,"n":"Couches bébé Mots d'enfants Ultra confort T4+  9/20kg - x41","p":6.35,"u":"0,15 €/P","img":"https://fd8-photos.leclercdrive.fr/image.ashx?id=2699723&use=l&cat=p&typeid=i","cat":284737},{"id":69283,"n":"Couches bébé Mots d'enfants Ultra confort T5 11/25kg - x39","p":6.35,"u":"0,16 €/P","img":"https://fd8-photos.leclercdrive.fr/image.ashx?id=2699726&use=l&cat=p&typeid=i","cat":284737},{"id":69284,"n":"Couches bébé Mots d'enfants Ultra confort T6  16/23kg - x33","p":6.35,"u":"0,19 €/P","img":"https://fd8-photos.leclercdrive.fr/image.ashx?id=2699729&use=l&cat=p&typeid=i","cat":284737},{"id":69285,"n":"Couches bébé Mots d'enfants T4 Ultra confort 7/18kg - x144","p":19.85,"u":"0,14 €/P","img":"https://fd8-photos.leclercdrive.fr/image.ashx?id=2689429&use=l&cat=p&typeid=i","cat":284737},{"id":69286,"n":"Couches bébé Mots d'enfants T5 Ultra confort 11/25kg - x136","p":19.85,"u":"0,15 €/P","img":"https://fd8-photos.leclercdrive.fr/image.ashx?id=2691833&use=l&cat=p&typeid=i","cat":284737},{"id":69315,"n":"Sirop saveur mojito Frucci 75cl","p":3.25,"u":"4,33 €/L","img":"https://fd8-photos.leclercdrive.fr/image.ashx?id=2898032&use=l&cat=p&typeid=i","cat":295020},{"id":69316,"n":"Pur jus Jafaden Orange mangue citron - 1L","p":2.39,"u":"2,39 €/L","img":"https://fd8-photos.leclercdrive.fr/image.ashx?id=2956759&use=l&cat=p&typeid=i","cat":284917},{"id":69317,"n":"Eau minérale naturelle Vittel 6x1.5L","p":2.94,"u":"0,33 €/L","img":"https://fd8-photos.leclercdrive.fr/image.ashx?id=3000441&use=l&cat=p&typeid=i","cat":284535},{"id":69318,"n":"Pur jus Jafaden Orange pêche abricot - 1L","p":2.39,"u":"2,39 €/L","img":"https://fd8-photos.leclercdrive.fr/image.ashx?id=2956762&use=l&cat=p&typeid=i","cat":284917},{"id":69319,"n":"Pur jus Jafaden Pomme goyave citron - 1L","p":2.15,"u":"2,15 €/L","img":"https://fd8-photos.leclercdrive.fr/image.ashx?id=2956765&use=l&cat=p&typeid=i","cat":284917},{"id":69335,"n":"Piles rechargeables Duracell 2500mAh AA - x4","p":20.87,"img":"https://fd8-photos.leclercdrive.fr/image.ashx?id=2862833&use=l&cat=p&typeid=i","cat":300572},{"id":69336,"n":"Piles Ultra Duracell RCR 850 AAA - x4","p":19.98,"img":"https://fd8-photos.leclercdrive.fr/image.ashx?id=2421949&use=l&cat=p&typeid=i","cat":300572},{"id":69342,"n":"Ampoules Led GU10 4,6 - 50w - 3 pièces","p":11.77,"u":"Dont 0,58 € d'éco-part.","img":"https://fd8-photos.leclercdrive.fr/image.ashx?id=1864500&use=l&cat=p&typeid=i","cat":300573},{"id":69383,"n":"Fromage à Raclette RichesMonts  Duo Classique & Fumée - 420G","p":6.69,"u":"15,93 €/KG","img":"https://fd8-photos.leclercdrive.fr/image.ashx?id=2953815&use=l&cat=p&typeid=i","cat":314037},{"id":69396,"n":"Fromage à Raclette RichesMonts  Sans croûte 18 Tranches - 420g","p":6.19,"u":"14,74 €/KG","img":"https://fd8-photos.leclercdrive.fr/image.ashx?id=2960765&use=l&cat=p&typeid=i","cat":314037},{"id":69418,"n":"Serviette papier Homeside Triple épaisseur 40x40cm - x20","p":1.39,"u":"0,07 €/P","img":"https://fd8-photos.leclercdrive.fr/image.ashx?id=1659732&use=l&cat=p&typeid=i","cat":334134},{"id":69442,"n":"Madeleines NRT Caramel - 330g","p":3.29,"u":"9,97 €/KG","img":"https://fd8-photos.leclercdrive.fr/image.ashx?id=2607885&use=l&cat=p&typeid=i","cat":284492},{"id":69679,"n":"Yaourt à la grecque YAOS Nature lit de myrtilles 4x125g","p":2.89,"u":"5,78 €/KG","img":"https://fd8-photos.leclercdrive.fr/image.ashx?id=2614933&use=l&cat=p&typeid=i","cat":314999},{"id":69680,"n":"Yaourt à la grecque YAOS Nature lit de pêches 4x125g","p":2.89,"u":"5,78 €/KG","img":"https://fd8-photos.leclercdrive.fr/image.ashx?id=2539533&use=l&cat=p&typeid=i","cat":314999},{"id":69690,"n":"Mascarpone 41.5% mg Galbani 500g","p":5.27,"u":"10,54 €/KG","img":"https://fd8-photos.leclercdrive.fr/image.ashx?id=2832470&use=l&cat=p&typeid=i","cat":314026},{"id":69705,"n":"Coleslaw moutarde Bonduelle 320g","p":1.99,"u":"6,22 €/KG","img":"https://fd8-photos.leclercdrive.fr/image.ashx?id=2894185&use=l&cat=p&typeid=i","cat":333657},{"id":69720,"n":"Gougères au fromage Côté Table x20 - 140g","p":3.76,"u":"26,86 €/KG","img":"https://fd8-photos.leclercdrive.fr/image.ashx?id=2726709&use=l&cat=p&typeid=i","cat":319774},{"id":69738,"n":"AOC Côtes du Marmandais vin  rosé Terrasses d'Autan - BIB 3L","p":9.99,"u":"3,33 €/L","img":"https://fd8-photos.leclercdrive.fr/image.ashx?id=2863069&use=l&cat=p&typeid=i","cat":289560},{"id":69739,"n":"Mini feuilletés Côté Table Apéritifs - x30 - 360g","p":3.72,"u":"10,33 €/KG","img":"https://fd8-photos.leclercdrive.fr/image.ashx?id=2212509&use=l&cat=p&typeid=i","cat":319774},{"id":69741,"n":"Mini-feuilletés Côté Table Apéritifs - x40 - 350g","p":3.37,"u":"9,63 €/KG","img":"https://fd8-photos.leclercdrive.fr/image.ashx?id=2632873&use=l&cat=p&typeid=i","cat":319774},{"id":69803,"n":"Riz provençale Bonduelle Thon - 320g","p":1.99,"u":"6,22 €/KG","img":"https://fd8-photos.leclercdrive.fr/image.ashx?id=2907905&use=l&cat=p&typeid=i","cat":333657},{"id":69805,"n":"Pavés de boeuf Tendre & Plus Aux 3 poivres marinés - 260g","p":5.45,"u":"20,96 €/KG","img":"https://fd8-photos.leclercdrive.fr/image.ashx?id=2235380&use=l&cat=p&typeid=i","cat":284328},{"id":69806,"n":"Pavé de boeuf Tendre & Plus A l'échalote marinés x2 - 260g","p":4.79,"u":"18,42 €/KG","img":"https://fd8-photos.leclercdrive.fr/image.ashx?id=2235383&use=l&cat=p&typeid=i","cat":284328},{"id":69828,"n":"Pavé de boeuf Tendre & Plus nature, marinés x2 - 260g","p":5.45,"u":"20,96 €/KG","img":"https://fd8-photos.leclercdrive.fr/image.ashx?id=2235386&use=l&cat=p&typeid=i","cat":284328},{"id":69910,"n":"Origan Rustica 11g","p":0.45,"u":"40,91 €/KG","img":"https://fd8-photos.leclercdrive.fr/image.ashx?id=1232057&use=l&cat=p&typeid=i","cat":298297},{"id":70114,"n":"Biscuits p'tit dèj BN Extra céréales complètes - 200g","p":1.71,"u":"8,55 €/KG","img":"https://fd8-photos.leclercdrive.fr/image.ashx?id=2603471&use=l&cat=p&typeid=i","cat":284491},{"id":70117,"n":"Biscuits Mc Vitie's Original - 400g","p":1.79,"u":"4,48 €/KG","img":"https://fd8-photos.leclercdrive.fr/image.ashx?id=2310182&use=l&cat=p&typeid=i","cat":284487},{"id":70118,"n":"Biscuits Mc Vitie's Chocolat au lait - 300g","p":2.15,"u":"7,17 €/KG","img":"https://fd8-photos.leclercdrive.fr/image.ashx?id=2589491&use=l&cat=p&typeid=i","cat":284488},{"id":70123,"n":"Fromage blanc Danone Nature 3%MG - 8x100g","p":2.99,"u":"3,74 €/KG","img":"https://fd8-photos.leclercdrive.fr/image.ashx?id=2792075&use=l&cat=p&typeid=i","cat":284409},{"id":70140,"n":"Yaourt Nature Panier de Yoplait Lit de Fruits Panaché - 6x140g","p":2.56,"u":"3,05 €/KG","img":"https://fd8-photos.leclercdrive.fr/image.ashx?id=2884429&use=l&cat=p&typeid=i","cat":284410},{"id":70158,"n":"Yaourt Nature Panier de Yoplait Lit Fruits de Saison - 6x140g","p":2.56,"u":"3,05 €/KG","img":"https://fd8-photos.leclercdrive.fr/image.ashx?id=2992062&use=l&cat=p&typeid=i","cat":284410},{"id":70389,"n":"Café dosettes Tassimo L'Or Cappuccino x8","p":5.85,"u":"21,91 €/KG","img":"https://fd8-photos.leclercdrive.fr/image.ashx?id=2100305&use=l&cat=p&typeid=i","cat":293240},{"id":70558,"n":"Basilic bio Bio Village 11g","p":0.69,"u":"62,73 €/KG","img":"https://fd8-photos.leclercdrive.fr/image.ashx?id=2991458&use=l&cat=p&typeid=i","cat":298297},{"id":70559,"n":"Ciboulette bio Bio Village 4g","p":0.68,"u":"170,00 €/KG","img":"https://fd8-photos.leclercdrive.fr/image.ashx?id=2711704&use=l&cat=p&typeid=i","cat":298297},{"id":70579,"n":"Fromage Caprice des Dieux  200g","p":2.99,"u":"14,95 €/KG","img":"https://fd8-photos.leclercdrive.fr/image.ashx?id=2762438&use=l&cat=p&typeid=i","cat":314033},{"id":70634,"n":"Lentilles Notre Jardin Graisse d'oie - 400g","p":1.05,"u":"2,63 €/KG","img":"https://fd8-photos.leclercdrive.fr/image.ashx?id=3002620&use=l&cat=p&typeid=i","cat":312609},{"id":70640,"n":"Mayonnaise Rustica Ma recette - 235g","p":1.38,"u":"5,87 €/KG","img":"https://fd8-photos.leclercdrive.fr/image.ashx?id=2045127&use=l&cat=p&typeid=i","cat":298295},{"id":70914,"n":"Poivre noir grains Rustica 90g","p":2.32,"u":"25,78 €/KG","img":"https://fd8-photos.leclercdrive.fr/image.ashx?id=2870047&use=l&cat=p&typeid=i","cat":284457},{"id":70993,"n":"Coulommiers Président  350g","p":2.95,"u":"8,43 €/KG","img":"https://fd8-photos.leclercdrive.fr/image.ashx?id=2029862&use=l&cat=p&typeid=i","cat":314033},{"id":71021,"n":"Jus de pomme Pays Lyonnais 1L","p":2.49,"u":"2,49 €/L","img":"https://fd8-photos.leclercdrive.fr/image.ashx?id=2903491&use=l&cat=p&typeid=i","cat":284522},{"id":71022,"n":"Jus de pomme Reinette 1L","p":3.99,"u":"3,99 €/L","img":"https://fd8-photos.leclercdrive.fr/image.ashx?id=2903494&use=l&cat=p&typeid=i","cat":284915},{"id":71023,"n":"Nectar d'abricots 1L","p":3.02,"u":"3,02 €/L","img":"https://fd8-photos.leclercdrive.fr/image.ashx?id=2178190&use=l&cat=p&typeid=i","cat":284915},{"id":71024,"n":"Jus de pomme brut pressoir 1L","p":3.79,"u":"3,79 €/L","img":"https://fd8-photos.leclercdrive.fr/image.ashx?id=2903500&use=l&cat=p&typeid=i","cat":284522},{"id":71025,"n":"Nectar de pêches 1L","p":3.04,"u":"3,04 €/L","img":"https://fd8-photos.leclercdrive.fr/image.ashx?id=2903497&use=l&cat=p&typeid=i","cat":284915},{"id":71026,"n":"Nectar poire williams 1L","p":2.99,"u":"2,99 €/L","img":"https://fd8-photos.leclercdrive.fr/image.ashx?id=2903503&use=l&cat=p&typeid=i","cat":284915},{"id":71060,"n":"Basilic Rustica 11g","p":0.39,"u":"35,45 €/KG","img":"https://fd8-photos.leclercdrive.fr/image.ashx?id=2772957&use=l&cat=p&typeid=i","cat":298297},{"id":71075,"n":"Vinaigrette biphase Rustica Tomate/ Balsamique - 50cl","p":2.72,"u":"5,44 €/L","img":"https://fd8-photos.leclercdrive.fr/image.ashx?id=1972937&use=l&cat=p&typeid=i","cat":284456},{"id":71076,"n":"Vinaigrette Rustica Moutarde ancienne - 1L","p":1.78,"u":"1,78 €/L","img":"https://fd8-photos.leclercdrive.fr/image.ashx?id=1957767&use=l&cat=p&typeid=i","cat":284456},{"id":71077,"n":"Vinaigrette biphase Rustica Ciboulette/Echalote - 50cl","p":2.79,"u":"5,58 €/L","img":"https://fd8-photos.leclercdrive.fr/image.ashx?id=1943241&use=l&cat=p&typeid=i","cat":284456},{"id":71078,"n":"Apéritivo bitter Volcano Spritz 15%vol - 1L","p":6.99,"u":"6,99 €/L","img":"https://fd8-photos.leclercdrive.fr/image.ashx?id=2473963&use=l&cat=p&typeid=i","cat":284913},{"id":71099,"n":"IGP Pays d'Oc Merlot vin rouge Vieux Carion 12% vol - BIB 3L","p":7.99,"u":"2,66 €/L","img":"https://fd8-photos.leclercdrive.fr/image.ashx?id=2905231&use=l&cat=p&typeid=i","cat":289560},{"id":71101,"n":"IGP Pays d'Oc Muscat blanc  Moelleux 12% vol - 75cl","p":2.99,"u":"3,99 €/L","img":"https://fd8-photos.leclercdrive.fr/image.ashx?id=2677119&use=l&cat=p&typeid=i","cat":289557},{"id":71102,"n":"Bière Desperados 65cl","p":2.85,"u":"4,38 €/L","img":"https://fd8-photos.leclercdrive.fr/image.ashx?id=2977960&use=l&cat=p&typeid=i","cat":334878},{"id":71106,"n":"Ail semoule Rustica 110g","p":1.39,"u":"12,64 €/KG","img":"https://fd8-photos.leclercdrive.fr/image.ashx?id=2870038&use=l&cat=p&typeid=i","cat":298297},{"id":71107,"n":"Bouquet garni entier Rustica 17g","p":1.68,"u":"98,82 €/KG","img":"https://fd8-photos.leclercdrive.fr/image.ashx?id=1710608&use=l&cat=p&typeid=i","cat":298297},{"id":71154,"n":"Arôme vanille Tablier Blanc 200ml","p":2.31,"u":"11,55 €/L","img":"https://fd8-photos.leclercdrive.fr/image.ashx?id=2487476&use=l&cat=p&typeid=i","cat":284504},{"id":71155,"n":"Ail semoule Rustica Flacon - 60g","p":0.99,"u":"16,50 €/KG","img":"https://fd8-photos.leclercdrive.fr/image.ashx?id=2797790&use=l&cat=p&typeid=i","cat":298297},{"id":71156,"n":"Moulin 5 baies Rustica Flacon - 24g","p":1.19,"u":"49,58 €/KG","img":"https://fd8-photos.leclercdrive.fr/image.ashx?id=2907231&use=l&cat=p&typeid=i","cat":284457},{"id":71157,"n":"Herbe de provence haché Rustica 40g","p":0.88,"u":"22,00 €/KG","img":"https://fd8-photos.leclercdrive.fr/image.ashx?id=2935226&use=l&cat=p&typeid=i","cat":298297},{"id":71158,"n":"Poivre gris moulu Rustica Boite - 90g","p":2.29,"u":"25,44 €/KG","img":"https://fd8-photos.leclercdrive.fr/image.ashx?id=1239440&use=l&cat=p&typeid=i","cat":284457},{"id":71162,"n":"Assortiment crackers Tokapi 85g","p":0.69,"u":"8,12 €/KG","img":"https://fd8-photos.leclercdrive.fr/image.ashx?id=1926981&use=l&cat=p&typeid=i","cat":297000},{"id":71164,"n":"Gel lavant Bionaïa Abricot bio - 300ml","p":1.79,"u":"5,97 €/L","img":"https://fd8-photos.leclercdrive.fr/image.ashx?id=2935525&use=l&cat=p&typeid=i","cat":284597},{"id":71320,"n":"Whisky japonais Togouchi Premium - 40%vol - 70cl","p":39.24,"u":"56,06 €/L","img":"https://fd8-photos.leclercdrive.fr/image.ashx?id=2685291&use=l&cat=p&typeid=i","cat":284547},{"id":71325,"n":"Whisky Dufftown Singleton 15 ans - 70cl","p":40.09,"u":"57,27 €/L","img":"https://fd8-photos.leclercdrive.fr/image.ashx?id=2030802&use=l&cat=p&typeid=i","cat":284547},{"id":71327,"n":"Whisky Aberlour Triple Cask Single Malt Scotch 40% vol 70cl","p":44.45,"u":"63,50 €/L","img":"https://fd8-photos.leclercdrive.fr/image.ashx?id=2860514&use=l&cat=p&typeid=i","cat":284547},{"id":71333,"n":"Whisky Glenfiddich Experiment 43%vol - 70cl","p":53.25,"u":"76,07 €/L","img":"https://fd8-photos.leclercdrive.fr/image.ashx?id=1738297&use=l&cat=p&typeid=i","cat":284547},{"id":71413,"n":"Déodorant Manava Freesia Orchidée - 100ml","p":1.36,"u":"13,60 €/L","img":"https://fd8-photos.leclercdrive.fr/image.ashx?id=2656451&use=l&cat=p&typeid=i","cat":284595},{"id":71419,"n":"Petits pois carottes Eco  530g","p":1.12,"u":"2,11 €/KG","img":"https://fd8-photos.leclercdrive.fr/image.ashx?id=3003714&use=l&cat=p&typeid=i","cat":312607},{"id":71422,"n":"Macedoine de legumes Eco  530g","p":1.11,"u":"2,09 €/KG","img":"https://fd8-photos.leclercdrive.fr/image.ashx?id=2729245&use=l&cat=p&typeid=i","cat":312612},{"id":71426,"n":"Lentilles Eco+ 530g","p":1.02,"u":"1,92 €/KG","img":"https://fd8-photos.leclercdrive.fr/image.ashx?id=2699087&use=l&cat=p&typeid=i","cat":312609},{"id":71431,"n":"Tomates entières pelées Eco+ - 480g","p":1.1,"u":"2,29 €/KG","img":"https://fd8-photos.leclercdrive.fr/image.ashx?id=3003729&use=l&cat=p&typeid=i","cat":312608},{"id":71433,"n":"Choux-fleurs Eco+ 1kg","p":1.31,"u":"1,31 €/KG","img":"https://fd8-photos.leclercdrive.fr/image.ashx?id=2892334&use=l&cat=p&typeid=i","cat":319805},{"id":71439,"n":"Filets de colin d'Alaska Eco+ 10x100g","p":5.3,"u":"5,30 €/KG","img":"https://fd8-photos.leclercdrive.fr/image.ashx?id=1668300&use=l&cat=p&typeid=i","cat":319786},{"id":71440,"n":"Curry poudre bio Ducros Flacon - 36g","p":1.34,"u":"37,22 €/KG","img":"https://fd8-photos.leclercdrive.fr/image.ashx?id=2484071&use=l&cat=p&typeid=i","cat":298297},{"id":71441,"n":"Ail bio Ducros Flacon - 52g","p":1.85,"u":"35,58 €/KG","img":"https://fd8-photos.leclercdrive.fr/image.ashx?id=2484077&use=l&cat=p&typeid=i","cat":298297},{"id":71442,"n":"Cassoulet Eco+ 840g","p":1.97,"u":"2,35 €/KG","img":"https://fd8-photos.leclercdrive.fr/image.ashx?id=2847937&use=l&cat=p&typeid=i","cat":284440},{"id":71444,"n":"Galettes au beurre Eco+ x16 - 125g","p":0.64,"u":"5,12 €/KG","img":"https://fd8-photos.leclercdrive.fr/image.ashx?id=2746781&use=l&cat=p&typeid=i","cat":284487},{"id":71446,"n":"Biscuits aux oeufs Eco+ x60 - 400g","p":1.57,"u":"3,93 €/KG","img":"https://fd8-photos.leclercdrive.fr/image.ashx?id=2804136&use=l&cat=p&typeid=i","cat":284487},{"id":71447,"n":"Curcuma bio Ducros Flacon - 42g","p":1.09,"u":"25,95 €/KG","img":"https://fd8-photos.leclercdrive.fr/image.ashx?id=2484086&use=l&cat=p&typeid=i","cat":298297},{"id":71451,"n":"Serviettes maxi nuit Eco+ x10","p":0.64,"u":"0,06 €/P","img":"https://fd8-photos.leclercdrive.fr/image.ashx?id=2824739&use=l&cat=p&typeid=i","cat":284624},{"id":71454,"n":"Persil bio Ducros Flacon - 7g","p":1.1,"u":"157,14 €/KG","img":"https://fd8-photos.leclercdrive.fr/image.ashx?id=2484062&use=l&cat=p&typeid=i","cat":298297},{"id":71455,"n":"Gélatine feuille bio Vahiné 10g","p":0.91,"u":"91,00 €/KG","img":"https://fd8-photos.leclercdrive.fr/image.ashx?id=2559829&use=l&cat=p&typeid=i","cat":284504},{"id":71456,"n":"Amande effilée bio Vahiné 100g","p":3.07,"u":"30,70 €/KG","img":"https://fd8-photos.leclercdrive.fr/image.ashx?id=2559838&use=l&cat=p&typeid=i","cat":284504},{"id":71457,"n":"Amande poudre bio Vahiné 100g","p":2.72,"u":"27,20 €/KG","img":"https://fd8-photos.leclercdrive.fr/image.ashx?id=2504221&use=l&cat=p&typeid=i","cat":284504},{"id":71459,"n":"Noix coco rapée bio Vahiné 115g","p":1.6,"u":"13,91 €/KG","img":"https://fd8-photos.leclercdrive.fr/image.ashx?id=2559841&use=l&cat=p&typeid=i","cat":284504},{"id":71460,"n":"Poudre à lever bio Vahiné 5 sachets - 35g","p":0.56,"u":"16,00 €/KG","img":"https://fd8-photos.leclercdrive.fr/image.ashx?id=2559832&use=l&cat=p&typeid=i","cat":294686},{"id":71462,"n":"Pépites chocolat noirVahiné Bio - 100g","p":2.32,"u":"23,20 €/KG","img":"https://fd8-photos.leclercdrive.fr/image.ashx?id=2504227&use=l&cat=p&typeid=i","cat":284504},{"id":71463,"n":"Raisins secs bio Vahiné 200g","p":2.14,"u":"10,70 €/KG","img":"https://fd8-photos.leclercdrive.fr/image.ashx?id=2559844&use=l&cat=p&typeid=i","cat":284357},{"id":71468,"n":"Spécialité au soja Nat&Vie Café - 4x100g","p":1.45,"u":"3,63 €/KG","img":"https://fd8-photos.leclercdrive.fr/image.ashx?id=2901470&use=l&cat=p&typeid=i","cat":316071},{"id":71469,"n":"DOC Prosecco extra-dry blanc 7% vol - 75cl","p":4.99,"u":"6,65 €/L","img":"https://fd8-photos.leclercdrive.fr/image.ashx?id=2977171&use=l&cat=p&typeid=i","cat":289461},{"id":71475,"n":"Vin d'Espagne Grenache rosé Adrien Champaud - BIB 5L","p":9.99,"u":"2,00 €/L","img":"https://fd8-photos.leclercdrive.fr/image.ashx?id=2959623&use=l&cat=p&typeid=i","cat":289560},{"id":71479,"n":"Cookies P'tit Déli Paillettes muticolores - 150g","p":1.45,"u":"9,67 €/KG","img":"https://fd8-photos.leclercdrive.fr/image.ashx?id=2939064&use=l&cat=p&typeid=i","cat":325066},{"id":71490,"n":"Vin d'Espagne blanc Sauvignon Adrien Champaud - BIB 5L","p":9.99,"u":"2,00 €/L","img":"https://fd8-photos.leclercdrive.fr/image.ashx?id=2960511&use=l&cat=p&typeid=i","cat":289560},{"id":71491,"n":"Croissants Epi d'Or x14 - 560g","p":2.79,"u":"4,98 €/KG","img":"https://fd8-photos.leclercdrive.fr/image.ashx?id=2860769&use=l&cat=p&typeid=i","cat":296366},{"id":71495,"n":"IGP Pays d'Oc Sauvignon Blanc Vieux Carion 11.5% vol BIB 3L","p":7.99,"u":"2,66 €/L","img":"https://fd8-photos.leclercdrive.fr/image.ashx?id=2900346&use=l&cat=p&typeid=i","cat":289557},{"id":71496,"n":"Tartelette P'tit Déli Chocolat au lait caramel - 127g","p":1.49,"u":"11,73 €/KG","img":"https://fd8-photos.leclercdrive.fr/image.ashx?id=2722820&use=l&cat=p&typeid=i","cat":284488},{"id":71497,"n":"Tartelette P'tit Déli Fraise - 127g","p":1.42,"u":"11,18 €/KG","img":"https://fd8-photos.leclercdrive.fr/image.ashx?id=2888640&use=l&cat=p&typeid=i","cat":284489},{"id":71498,"n":"Lait concentré Délisse Non sucré x10  - 75g","p":0.44,"u":"5,87 €/KG","img":"https://fd8-photos.leclercdrive.fr/image.ashx?id=2671822&use=l&cat=p&typeid=i","cat":299162},{"id":71514,"n":"Sablé pur beurre P'tit Déli Caramel - 100g","p":1.18,"u":"11,80 €/KG","img":"https://fd8-photos.leclercdrive.fr/image.ashx?id=2660574&use=l&cat=p&typeid=i","cat":284487},{"id":71519,"n":"Yaourt Bio Bio Village Aromatisé Citron - 4x125g","p":1.39,"u":"2,78 €/KG","img":"https://fd8-photos.leclercdrive.fr/image.ashx?id=2289666&use=l&cat=p&typeid=i","cat":286006},{"id":71524,"n":"Goûter rectangle P'tit Déli Fourré chocolat - 125g","p":1.19,"u":"9,52 €/KG","img":"https://fd8-photos.leclercdrive.fr/image.ashx?id=2619725&use=l&cat=p&typeid=i","cat":284488},{"id":71528,"n":"Fromage frais nature Bio Bio village - 8x100g","p":3.16,"u":"3,95 €/KG","img":"https://fd8-photos.leclercdrive.fr/image.ashx?id=2839950&use=l&cat=p&typeid=i","cat":284409},{"id":71531,"n":"Crème fraiche bio Bio village Epaisse - 30% MG  - 50cl","p":2.66,"u":"5,32 €/L","img":"https://fd8-photos.leclercdrive.fr/image.ashx?id=1975050&use=l&cat=p&typeid=i","cat":284381},{"id":71535,"n":"Pommes de terre NRT à l'échirlète - 600g","p":3.55,"u":"5,92 €/KG","img":"https://fd8-photos.leclercdrive.fr/image.ashx?id=2699855&use=l&cat=p&typeid=i","cat":319792},{"id":71546,"n":"Gaufrettes P'tit Déli Vanille - 110g","p":1.01,"u":"9,18 €/KG","img":"https://fd8-photos.leclercdrive.fr/image.ashx?id=2436023&use=l&cat=p&typeid=i","cat":284487},{"id":71553,"n":"Déodorant Manava Freesia Orchidée - 200ml","p":1.34,"u":"6,70 €/L","img":"https://fd8-photos.leclercdrive.fr/image.ashx?id=2656454&use=l&cat=p&typeid=i","cat":284595},{"id":71557,"n":"Mini sables P'tit Déli Chocolat au lait - 160g","p":1.89,"u":"11,81 €/KG","img":"https://fd8-photos.leclercdrive.fr/image.ashx?id=2323295&use=l&cat=p&typeid=i","cat":284488},{"id":71563,"n":"Mayonnaise Rustica A la moutarde de Dijon - 720g","p":2.45,"u":"3,40 €/KG","img":"https://fd8-photos.leclercdrive.fr/image.ashx?id=2954379&use=l&cat=p&typeid=i","cat":298295},{"id":71565,"n":"Pêches Douceur du Verger Sirop léger - 465g","p":1.62,"u":"3,48 €/KG","img":"https://fd8-photos.leclercdrive.fr/image.ashx?id=2666471&use=l&cat=p&typeid=i","cat":284507},{"id":71566,"n":"Sauce Soja Tables Du Monde 125ml","p":0.83,"u":"6,64 €/L","img":"https://fd8-photos.leclercdrive.fr/image.ashx?id=2679765&use=l&cat=p&typeid=i","cat":288992},{"id":71568,"n":"Sauce soja sucrée Table du monde - 125ml","p":0.83,"u":"6,64 €/L","img":"https://fd8-photos.leclercdrive.fr/image.ashx?id=2679762&use=l&cat=p&typeid=i","cat":288992},{"id":71570,"n":"Palmiers P'tit Déli Zestes Citron - 100g","p":0.86,"u":"8,60 €/KG","img":"https://fd8-photos.leclercdrive.fr/image.ashx?id=2331321&use=l&cat=p&typeid=i","cat":284487},{"id":71574,"n":"Gaufrettes P'tit Déli Chocolat noisette - 160g","p":1.54,"u":"9,63 €/KG","img":"https://fd8-photos.leclercdrive.fr/image.ashx?id=2915302&use=l&cat=p&typeid=i","cat":284488},{"id":71575,"n":"Test de grossesse Primoplast x1","p":0.74,"img":"https://fd8-photos.leclercdrive.fr/image.ashx?id=2832975&use=l&cat=p&typeid=i","cat":324482},{"id":71578,"n":"Crème lavante Manava Surgras - 300ml","p":1.12,"u":"3,73 €/L","img":"https://fd8-photos.leclercdrive.fr/image.ashx?id=2935513&use=l&cat=p&typeid=i","cat":284597},{"id":71579,"n":"Recharge crème lavante Manava Surgras - 250ml","p":0.66,"u":"2,64 €/L","img":"https://fd8-photos.leclercdrive.fr/image.ashx?id=2935516&use=l&cat=p&typeid=i","cat":284597},{"id":71580,"n":"Tampons digitaux Doulys Super+ x24","p":2.09,"u":"0,09 €/P","img":"https://fd8-photos.leclercdrive.fr/image.ashx?id=2965521&use=l&cat=p&typeid=i","cat":284626},{"id":71581,"n":"Cire visage Siliss 15ml","p":4.07,"u":"271,33 €/L","img":"https://fd8-photos.leclercdrive.fr/image.ashx?id=2510446&use=l&cat=p&typeid=i","cat":325351},{"id":71599,"n":"Bicarbonate de soude Clair 500g","p":1.5,"u":"3,00 €/KG","img":"https://fd8-photos.leclercdrive.fr/image.ashx?id=2822129&use=l&cat=p&typeid=i","cat":325365},{"id":71600,"n":"Champignons Notre Jardin Emincés, épais - 230g","p":1.43,"u":"6,22 €/KG","img":"https://fd8-photos.leclercdrive.fr/image.ashx?id=2553917&use=l&cat=p&typeid=i","cat":312610},{"id":71602,"n":"Change bébé Mots d'Enfants Nouveau né - T1 - 2/5kg - x23","p":2.36,"u":"0,10 €/P","img":"https://fd8-photos.leclercdrive.fr/image.ashx?id=2907225&use=l&cat=p&typeid=i","cat":284737},{"id":71627,"n":"Boisson végétale Bio Village Soja chocolat bio - 1l","p":1.5,"u":"1,50 €/L","img":"https://fd8-photos.leclercdrive.fr/image.ashx?id=2352240&use=l&cat=p&typeid=i","cat":316067},{"id":71629,"n":"Boisson végétale Bio Village Lait amande intense bio - 1l","p":2.39,"u":"2,39 €/L","img":"https://fd8-photos.leclercdrive.fr/image.ashx?id=2386185&use=l&cat=p&typeid=i","cat":316067},{"id":71637,"n":"Bâtonnets enrobés bio Bio Village - Chocolat noir - 125g","p":1.99,"u":"15,92 €/KG","img":"https://fd8-photos.leclercdrive.fr/image.ashx?id=1947402&use=l&cat=p&typeid=i","cat":284488},{"id":71647,"n":"Biscuit graine Bio Village Pépites de chocolat Bio - 140g","p":1.85,"u":"13,21 €/KG","img":"https://fd8-photos.leclercdrive.fr/image.ashx?id=1667266&use=l&cat=p&typeid=i","cat":325066},{"id":71649,"n":"Herbe Provence bio Bio Village 14g","p":0.79,"u":"56,43 €/KG","img":"https://fd8-photos.leclercdrive.fr/image.ashx?id=2711695&use=l&cat=p&typeid=i","cat":298297},{"id":71655,"n":"Curry moulu Bio Village Bio - 37g","p":1.25,"u":"33,78 €/KG","img":"https://fd8-photos.leclercdrive.fr/image.ashx?id=2714989&use=l&cat=p&typeid=i","cat":298297},{"id":71679,"n":"Truffe noire du Périgord L'Origine du goût - 12,5g","p":15.99,"img":"https://fd8-photos.leclercdrive.fr/image.ashx?id=1646697&use=l&cat=p&typeid=i","cat":312610},{"id":71683,"n":"Pâtes de fruits NRT Assortiment 300g","p":8.7,"u":"29,00 €/KG","img":"https://fd8-photos.leclercdrive.fr/image.ashx?id=1646525&use=l&cat=p&typeid=i","cat":284499},{"id":71687,"n":"Pelure truffes noires Périgord L'origine du Goût - 12,5g","p":9.95,"u":"829,17 €/KG","img":"https://fd8-photos.leclercdrive.fr/image.ashx?id=1646643&use=l&cat=p&typeid=i","cat":312610},{"id":71700,"n":"Nappe damassée Homeside Rouge - 7m","p":2.96,"u":"0,42 €/MT","img":"https://fd8-photos.leclercdrive.fr/image.ashx?id=1659747&use=l&cat=p&typeid=i","cat":334134},{"id":71702,"n":"Nappe damassée Ardence Olive - 7m","p":2.96,"u":"0,42 €/MT","img":"https://fd8-photos.leclercdrive.fr/image.ashx?id=2726071&use=l&cat=p&typeid=i","cat":334134},{"id":72032,"n":"Bière blonde Affligem 6.7% vol -  Fût 5L","p":20.99,"u":"4,20 €/L","img":"https://fd8-photos.leclercdrive.fr/image.ashx?id=2672722&use=l&cat=p&typeid=i","cat":334879},{"id":72164,"n":"Soda au cola Pepsi Zéro sucres Le lot de 4x1.5L","p":3.5,"u":"0,58 €/L","img":"https://fd8-photos.leclercdrive.fr/image.ashx?id=2692560&use=l&cat=p&typeid=i","cat":284530},{"id":72731,"n":"Chocolat Pâtissier Nestlé Dessert : Noir 70% - 170g","p":3.45,"u":"20,29 €/KG","img":"https://fd8-photos.leclercdrive.fr/image.ashx?id=2902358&use=l&cat=p&typeid=i","cat":285562},{"id":72734,"n":"Pain de mie Schär - Céréales Sans gluten - 300g","p":3.85,"u":"12,83 €/KG","img":"https://fd8-photos.leclercdrive.fr/image.ashx?id=2659421&use=l&cat=p&typeid=i","cat":318654},{"id":72740,"n":"Crips rolls  Dr Schar 150g","p":3.78,"u":"25,20 €/KG","img":"https://fd8-photos.leclercdrive.fr/image.ashx?id=2439938&use=l&cat=p&typeid=i","cat":284479},{"id":72786,"n":"Bière blonde Pelforth Fût pression - 5L","p":16.29,"u":"3,26 €/L","img":"https://fd8-photos.leclercdrive.fr/image.ashx?id=2767249&use=l&cat=p&typeid=i","cat":334879},{"id":72789,"n":"Bière blonde Desperados Fût 5L","p":20.95,"u":"4,19 €/L","img":"https://fd8-photos.leclercdrive.fr/image.ashx?id=2983513&use=l&cat=p&typeid=i","cat":334879},{"id":72791,"n":"Bière Desperados 3x33cl","p":4.37,"u":"4,41 €/L","img":"https://fd8-photos.leclercdrive.fr/image.ashx?id=2983120&use=l&cat=p&typeid=i","cat":334878},{"id":72815,"n":"Saumon fumé Labeyrie Norvège 12 tranches - 450g","p":16.99,"u":"37,76 €/KG","img":"https://fd8-photos.leclercdrive.fr/image.ashx?id=2916770&use=l&cat=p&typeid=i","cat":285188},{"id":72894,"n":"Huile d'olive Rustica Vierge extra fruité - 75cl","p":7.99,"u":"10,65 €/L","img":"https://fd8-photos.leclercdrive.fr/image.ashx?id=2898029&use=l&cat=p&typeid=i","cat":284453},{"id":72932,"n":"Spaghetti bolognaise Côté Table 415g","p":2.03,"u":"4,89 €/KG","img":"https://fd8-photos.leclercdrive.fr/image.ashx?id=2977882&use=l&cat=p&typeid=i","cat":284442},{"id":72934,"n":"Sauce nuoc mam Tables du monde 125ml","p":0.91,"u":"7,28 €/L","img":"https://fd8-photos.leclercdrive.fr/image.ashx?id=2679771&use=l&cat=p&typeid=i","cat":288992},{"id":72976,"n":"Vaseline pure Mercurochrome 75ml","p":2.2,"u":"29,33 €/L","img":"https://fd8-photos.leclercdrive.fr/image.ashx?id=2663992&use=l&cat=p&typeid=i","cat":284630},{"id":72988,"n":"Eau Micellaire Biphase Garnier Maquillage Waterproof - 400ml","p":3.92,"u":"9,80 €/L","img":"https://fd8-photos.leclercdrive.fr/image.ashx?id=2286299&use=l&cat=p&typeid=i","cat":284603},{"id":73006,"n":"Sauce pour nems Tables du monde 125ml","p":0.99,"u":"7,92 €/L","img":"https://fd8-photos.leclercdrive.fr/image.ashx?id=2526306&use=l&cat=p&typeid=i","cat":288992},{"id":73064,"n":"Masque tissu hydratant Garnier Repulpant Grenade Hydrabomb","p":2.19,"img":"https://fd8-photos.leclercdrive.fr/image.ashx?id=2401583&use=l&cat=p&typeid=i","cat":325346},{"id":73084,"n":"Crème Hydratante Visage Mixa Peaux Sensibles - 100ml","p":2.76,"u":"27,60 €/L","img":"https://fd8-photos.leclercdrive.fr/image.ashx?id=2300749&use=l&cat=p&typeid=i","cat":325345},{"id":73436,"n":"Thermomètre électronique Tigex Bleu - lecture rapide - 1 pièce","p":9.1,"u":"Dont 0,02 € d'éco-part.","img":"https://fd8-photos.leclercdrive.fr/image.ashx?id=1871137&use=l&cat=p&typeid=i","cat":289435},{"id":73689,"n":"Pomme jaune bio Bio Village x4","p":1.99,"u":"0,50 €/P","img":"https://fd8-photos.leclercdrive.fr/image.ashx?id=2556544&use=l&cat=p&typeid=i","cat":284356},{"id":73697,"n":"Compote Allégée en sucres Eco+ Bocal pomme - 720g","p":0.85,"u":"1,18 €/KG","img":"https://fd8-photos.leclercdrive.fr/image.ashx?id=2953185&use=l&cat=p&typeid=i","cat":284508},{"id":73701,"n":"AOC Blaye Côtes de Bordeaux Château Perenne - 75cl","p":10.5,"u":"14,00 €/L","img":"https://fd8-photos.leclercdrive.fr/image.ashx?id=2108948&use=l&cat=p&typeid=i","cat":289556},{"id":73703,"n":"Marbré Eco+ Parfum chocolat - 600g","p":2.34,"u":"3,90 €/KG","img":"https://fd8-photos.leclercdrive.fr/image.ashx?id=1978314&use=l&cat=p&typeid=i","cat":294776},{"id":73706,"n":"Riz basmati Eco+ 1kg","p":2.01,"u":"2,01 €/KG","img":"https://fd8-photos.leclercdrive.fr/image.ashx?id=2141651&use=l&cat=p&typeid=i","cat":284428},{"id":73717,"n":"Pommes de terre Eco+ 530g","p":1.15,"u":"2,17 €/KG","img":"https://fd8-photos.leclercdrive.fr/image.ashx?id=2473186&use=l&cat=p&typeid=i","cat":312612},{"id":73729,"n":"Tartelettes à la fraise Eco+ x12 - 200g","p":0.8,"u":"4,00 €/KG","img":"https://fd8-photos.leclercdrive.fr/image.ashx?id=2869757&use=l&cat=p&typeid=i","cat":284489},{"id":73732,"n":"Gel WC javel Eco+ 750ml","p":0.57,"u":"0,76 €/L","img":"https://fd8-photos.leclercdrive.fr/image.ashx?id=2768074&use=l&cat=p&typeid=i","cat":284662},{"id":73735,"n":"Café moulu Eco+ Pur arabica - 500g","p":6.44,"u":"12,88 €/KG","img":"https://fd8-photos.leclercdrive.fr/image.ashx?id=2874374&use=l&cat=p&typeid=i","cat":284750},{"id":73750,"n":"Rouleau papier cadeau Esquisse Feuilles - 5mx0,7m","p":1.25,"img":"https://fd8-photos.leclercdrive.fr/image.ashx?id=2600309&use=l&cat=p&typeid=i","cat":335914},{"id":73781,"n":"Maïs doux Eco+ 285g","p":0.79,"u":"2,77 €/KG","img":"https://fd8-photos.leclercdrive.fr/image.ashx?id=3003738&use=l&cat=p&typeid=i","cat":312611},{"id":73790,"n":"Café soluble Eco+ 200g","p":3.47,"u":"17,35 €/KG","img":"https://fd8-photos.leclercdrive.fr/image.ashx?id=1654429&use=l&cat=p&typeid=i","cat":284843},{"id":73793,"n":"Goûters ronds Eco+ Fourrés chocolat - 500g","p":1.35,"u":"2,70 €/KG","img":"https://fd8-photos.leclercdrive.fr/image.ashx?id=2222751&use=l&cat=p&typeid=i","cat":284488},{"id":73797,"n":"Pâtes Eco+ Macaroni - 1kg","p":0.99,"u":"0,99 €/KG","img":"https://fd8-photos.leclercdrive.fr/image.ashx?id=2887395&use=l&cat=p&typeid=i","cat":284427},{"id":73798,"n":"Pâtes Eco+ Coquillettes - 1kg","p":1.01,"u":"1,01 €/KG","img":"https://fd8-photos.leclercdrive.fr/image.ashx?id=2885723&use=l&cat=p&typeid=i","cat":284427},{"id":73801,"n":"Dosettes café Eco+ 100% Robusta - x48 - 336g","p":4.09,"u":"12,17 €/KG","img":"https://fd8-photos.leclercdrive.fr/image.ashx?id=2800222&use=l&cat=p&typeid=i","cat":293238},{"id":73805,"n":"Biscuit fourré cacao Eco+ x12 - 225g","p":0.93,"u":"4,13 €/KG","img":"https://fd8-photos.leclercdrive.fr/image.ashx?id=2834223&use=l&cat=p&typeid=i","cat":284488},{"id":73806,"n":"Eau de javel Eco+ 3x250ml","p":0.48,"u":"0,64 €/L","img":"https://fd8-photos.leclercdrive.fr/image.ashx?id=1320355&use=l&cat=p&typeid=i","cat":284661},{"id":73807,"n":"Carré coton bébé Eco+ x60","p":0.99,"u":"0,02 €/P","img":"https://fd8-photos.leclercdrive.fr/image.ashx?id=2987634&use=l&cat=p&typeid=i","cat":284739},{"id":74047,"n":"Parmentier de porc Eco+ 1kg","p":2.6,"u":"2,60 €/KG","img":"https://fd8-photos.leclercdrive.fr/image.ashx?id=2774885&use=l&cat=p&typeid=i","cat":284254},{"id":74089,"n":"Batonnets Poissons panés Eco+ x15 - 450g","p":1.6,"u":"3,56 €/KG","img":"https://fd8-photos.leclercdrive.fr/image.ashx?id=2843565&use=l&cat=p&typeid=i","cat":319788},{"id":74090,"n":"Nectar Multifruits Eco+ Brique - 2L","p":1.38,"u":"0,69 €/L","img":"https://fd8-photos.leclercdrive.fr/image.ashx?id=2751853&use=l&cat=p&typeid=i","cat":284917},{"id":74105,"n":"Pur jus d'orange Eco  1.5L","p":2.46,"u":"1,64 €/L","img":"https://fd8-photos.leclercdrive.fr/image.ashx?id=2720136&use=l&cat=p&typeid=i","cat":284521},{"id":74110,"n":"Chorizo doux Eco+ 250g","p":1.66,"u":"6,64 €/KG","img":"https://fd8-photos.leclercdrive.fr/image.ashx?id=2694082&use=l&cat=p&typeid=i","cat":316006},{"id":74112,"n":"Pommes frites Eco+ 1kg","p":1.68,"u":"1,68 €/KG","img":"https://fd8-photos.leclercdrive.fr/image.ashx?id=2958302&use=l&cat=p&typeid=i","cat":319791},{"id":74116,"n":"Bière blonde de luxe 4% - 50cl","p":0.57,"u":"1,14 €/L","img":"https://fd8-photos.leclercdrive.fr/image.ashx?id=2955629&use=l&cat=p&typeid=i","cat":334853},{"id":74123,"n":"Citron jaune Rustica 200ml","p":0.79,"u":"3,95 €/L","img":"https://fd8-photos.leclercdrive.fr/image.ashx?id=2627652&use=l&cat=p&typeid=i","cat":288383},{"id":74124,"n":"Citron vert Rustica 200ml","p":0.89,"u":"4,45 €/L","img":"https://fd8-photos.leclercdrive.fr/image.ashx?id=2635768&use=l&cat=p&typeid=i","cat":288383},{"id":74133,"n":"Bâtonnets de Surimi Pêche Océan MSC - x18 bâtonnets - 300g","p":2.05,"u":"6,83 €/KG","img":"https://fd8-photos.leclercdrive.fr/image.ashx?id=2981894&use=l&cat=p&typeid=i","cat":285189},{"id":74157,"n":"Bâtonnet Savoureux Pêche Océan Ail et fines herbes x16 - 256g","p":2.39,"u":"9,34 €/KG","img":"https://fd8-photos.leclercdrive.fr/image.ashx?id=3012427&use=l&cat=p&typeid=i","cat":285189},{"id":74284,"n":"Brocolis bio Bio Village 500g","p":2.49,"u":"4,98 €/KG","img":"https://fd8-photos.leclercdrive.fr/image.ashx?id=2960547&use=l&cat=p&typeid=i","cat":284352},{"id":74307,"n":"Papier cadeau Esquisse Argent - Métallisé - 2m","p":0.79,"img":"https://fd8-photos.leclercdrive.fr/image.ashx?id=1274917&use=l&cat=p&typeid=i","cat":335914},{"id":74308,"n":"Papier cadeau Esquisse Or - Métallisé - 2m","p":0.79,"img":"https://fd8-photos.leclercdrive.fr/image.ashx?id=1274920&use=l&cat=p&typeid=i","cat":335914},{"id":74310,"n":"Papier cadeau Esquisse Rouge - Métallisé - 2m","p":0.79,"img":"https://fd8-photos.leclercdrive.fr/image.ashx?id=1274926&use=l&cat=p&typeid=i","cat":335914},{"id":74311,"n":"Papier cadeau Esquisse Vert - métallisé - 2m","p":0.79,"img":"https://fd8-photos.leclercdrive.fr/image.ashx?id=1274929&use=l&cat=p&typeid=i","cat":335914},{"id":74344,"n":"Shampooing Naturé Moi Nourrissant - 250ml","p":2.42,"u":"9,68 €/L","img":"https://fd8-photos.leclercdrive.fr/image.ashx?id=2741472&use=l&cat=p&typeid=i","cat":284606},{"id":74436,"n":"AOC Champagne Brut Montaudon Réserve première - 75cl","p":28.43,"u":"37,91 €/L","img":"https://fd8-photos.leclercdrive.fr/image.ashx?id=2504803&use=l&cat=p&typeid=i","cat":284542},{"id":74588,"n":"Fromage à Raclette RichesMonts  Sans croûte 28 Tranches - 750g","p":10.85,"u":"14,47 €/KG","img":"https://fd8-photos.leclercdrive.fr/image.ashx?id=2953806&use=l&cat=p&typeid=i","cat":314037},{"id":74610,"n":"La Fermière Yaourt au lait entier Vanille - 2x140g","p":2.25,"u":"8,04 €/KG","img":"https://fd8-photos.leclercdrive.fr/image.ashx?id=3004924&use=l&cat=p&typeid=i","cat":286006},{"id":74656,"n":"Croquettes chien Purina One Medium adulte poulet riz  2.5kg","p":6.71,"u":"2,68 €/KG","img":"https://fd8-photos.leclercdrive.fr/image.ashx?id=2878384&use=l&cat=p&typeid=i","cat":284672},{"id":74857,"n":"Gateaux P'tit Déli Tout chocolat x7 - 210g","p":2.2,"u":"10,48 €/KG","img":"https://fd8-photos.leclercdrive.fr/image.ashx?id=1947372&use=l&cat=p&typeid=i","cat":294776},{"id":74860,"n":"Champignons Notre Jardin A la grecque - 400g","p":1.56,"u":"3,90 €/KG","img":"https://fd8-photos.leclercdrive.fr/image.ashx?id=2531101&use=l&cat=p&typeid=i","cat":312610},{"id":75002,"n":"Steack haché Purée à l'emmental La cuisine Oceane - 300g","p":2.89,"u":"9,63 €/KG","img":"https://fd8-photos.leclercdrive.fr/image.ashx?id=2962344&use=l&cat=p&typeid=i","cat":284953},{"id":75337,"n":"Café en grains Méo L'original Bio - 500g","p":9.99,"u":"19,98 €/KG","img":"https://fd8-photos.leclercdrive.fr/image.ashx?id=2798533&use=l&cat=p&typeid=i","cat":293237},{"id":75338,"n":"Sachets Infusion bio Clipper Mes belles gambettes - 40g","p":1.99,"u":"49,75 €/KG","img":"https://fd8-photos.leclercdrive.fr/image.ashx?id=2908300&use=l&cat=p&typeid=i","cat":293234},{"id":75357,"n":"Jus multifruits Jafaden Matin Fruité - 1L","p":2.09,"u":"2,09 €/L","img":"https://fd8-photos.leclercdrive.fr/image.ashx?id=2916713&use=l&cat=p&typeid=i","cat":285435},{"id":75377,"n":"Nouilles cup Tanoshi Boeuf teppanyaki - 2x65g","p":2.82,"u":"21,69 €/KG","img":"https://fd8-photos.leclercdrive.fr/image.ashx?id=2921609&use=l&cat=p&typeid=i","cat":288992},{"id":75421,"n":"Avoine cuisiné bio Bjorg 200ml","p":0.94,"u":"4,70 €/L","img":"https://fd8-photos.leclercdrive.fr/image.ashx?id=2757292&use=l&cat=p&typeid=i","cat":288383},{"id":75426,"n":"Tofu fumé bio Bjorg - 2x100g","p":2.43,"u":"12,15 €/KG","img":"https://fd8-photos.leclercdrive.fr/image.ashx?id=2928531&use=l&cat=p&typeid=i","cat":284953},{"id":75428,"n":"Terrines d'olives Bio Bjorg 125g","p":3.65,"u":"29,20 €/KG","img":"https://fd8-photos.leclercdrive.fr/image.ashx?id=2786060&use=l&cat=p&typeid=i","cat":315999},{"id":75491,"n":"Tablette chocolat au lait Lindt Praliné noisettes - 225g","p":3.47,"u":"15,42 €/KG","img":"https://fd8-photos.leclercdrive.fr/image.ashx?id=2423756&use=l&cat=p&typeid=i","cat":284497},{"id":75539,"n":"Saucisse cockail Tradilege Bacon - 300g","p":2.82,"u":"9,40 €/KG","img":"https://fd8-photos.leclercdrive.fr/image.ashx?id=2930784&use=l&cat=p&typeid=i","cat":316012},{"id":75572,"n":"Yaourts nature bifidus Activia 16x125g","p":4.51,"u":"2,26 €/KG","img":"https://fd8-photos.leclercdrive.fr/image.ashx?id=2741700&use=l&cat=p&typeid=i","cat":315000},{"id":75593,"n":"Ail blanc bio Bio Village 250g","p":3.79,"u":"15,16 €/KG","img":"https://fd8-photos.leclercdrive.fr/image.ashx?id=2922457&use=l&cat=p&typeid=i","cat":284352},{"id":75595,"n":"Courge butternut bio Bio Village - x1","p":2.59,"img":"https://fd8-photos.leclercdrive.fr/image.ashx?id=2645759&use=l&cat=p&typeid=i","cat":284352},{"id":75629,"n":"Liégeois chocolat Bio Bio village - 4x100g","p":1.89,"u":"4,73 €/KG","img":"https://fd8-photos.leclercdrive.fr/image.ashx?id=2992639&use=l&cat=p&typeid=i","cat":285042},{"id":75630,"n":"Liégéois Bio Bio Village Café - 4x100g","p":1.89,"u":"4,73 €/KG","img":"https://fd8-photos.leclercdrive.fr/image.ashx?id=2992642&use=l&cat=p&typeid=i","cat":285042},{"id":75976,"n":"Potimarron bio Bio Village 1p","p":2.69,"img":"https://fd8-photos.leclercdrive.fr/image.ashx?id=2645765&use=l&cat=p&typeid=i","cat":284352},{"id":75984,"n":"Crevettes Bio Bio Village 100g","p":3.28,"u":"32,80 €/KG","img":"https://fd8-photos.leclercdrive.fr/image.ashx?id=2121564&use=l&cat=p&typeid=i","cat":284343},{"id":75986,"n":"Pizza Feu de bois Bio Village Bio Margharita - 350g","p":3.29,"u":"9,40 €/KG","img":"https://fd8-photos.leclercdrive.fr/image.ashx?id=2943668&use=l&cat=p&typeid=i","cat":284256},{"id":75988,"n":"Fromage blanc lait Bio Village Bio Brebis - 400g","p":2.5,"u":"6,25 €/KG","img":"https://fd8-photos.leclercdrive.fr/image.ashx?id=2839953&use=l&cat=p&typeid=i","cat":314998},{"id":76008,"n":"Chocolat au lait Lindt Création La Crème brûlée - 150g","p":3.19,"u":"21,27 €/KG","img":"https://fd8-photos.leclercdrive.fr/image.ashx?id=2685802&use=l&cat=p&typeid=i","cat":284497},{"id":76011,"n":"Chocolat noir Lindt Création Le Rocher noir - 150g","p":3.05,"u":"20,33 €/KG","img":"https://fd8-photos.leclercdrive.fr/image.ashx?id=2685808&use=l&cat=p&typeid=i","cat":284956},{"id":76015,"n":"Biscuit Speculoos Lotus Biscoff Original - 250g (2x125g)","p":1.69,"u":"6,76 €/KG","img":"https://fd8-photos.leclercdrive.fr/image.ashx?id=2854735&use=l&cat=p&typeid=i","cat":284487},{"id":76024,"n":"Pain de mie seigle Epi d'Or 800g","p":2.6,"u":"3,25 €/KG","img":"https://fd8-photos.leclercdrive.fr/image.ashx?id=2209285&use=l&cat=p&typeid=i","cat":284477},{"id":76025,"n":"Cookies chocolat Eco+ Pépites de chocolat - 200g","p":0.97,"u":"4,85 €/KG","img":"https://fd8-photos.leclercdrive.fr/image.ashx?id=2821872&use=l&cat=p&typeid=i","cat":325066},{"id":76113,"n":"Fromage de Chèvre rapé  Les Croisés -  150g","p":2.69,"u":"17,93 €/KG","img":"https://fd8-photos.leclercdrive.fr/image.ashx?id=2897799&use=l&cat=p&typeid=i","cat":314035},{"id":76119,"n":"Secret de mousse La Laitière Chocolat au lait - 4x59g","p":1.55,"u":"6,57 €/KG","img":"https://fd8-photos.leclercdrive.fr/image.ashx?id=2729740&use=l&cat=p&typeid=i","cat":284417},{"id":76120,"n":"Secret de mousse la Laitière Chocolat noir - 4x59g","p":1.55,"u":"6,57 €/KG","img":"https://fd8-photos.leclercdrive.fr/image.ashx?id=2616835&use=l&cat=p&typeid=i","cat":284417},{"id":76211,"n":"L'ours d'or Haribo Sachet bonbons - 300g","p":1.89,"u":"6,30 €/KG","img":"https://fd8-photos.leclercdrive.fr/image.ashx?id=2805201&use=l&cat=p&typeid=i","cat":304250},{"id":76212,"n":"Tutti Candi Haribo Sachet bonbons - 250g","p":1.89,"u":"7,56 €/KG","img":"https://fd8-photos.leclercdrive.fr/image.ashx?id=2984910&use=l&cat=p&typeid=i","cat":304250},{"id":76214,"n":"Chamallows Choco Haribo Sachet bonbons guimauve - 160g","p":1.95,"u":"12,19 €/KG","img":"https://fd8-photos.leclercdrive.fr/image.ashx?id=2984919&use=l&cat=p&typeid=i","cat":304250},{"id":76219,"n":"Cannelloni Côté Table 800g","p":2.99,"u":"3,74 €/KG","img":"https://fd8-photos.leclercdrive.fr/image.ashx?id=2977897&use=l&cat=p&typeid=i","cat":284442},{"id":76220,"n":"Raviolis Côté Table Aux 6 légumes - 800g","p":2.29,"u":"2,86 €/KG","img":"https://fd8-photos.leclercdrive.fr/image.ashx?id=2977903&use=l&cat=p&typeid=i","cat":284442},{"id":76221,"n":"Pur jus Bio Village Bio Citron Sicile - 25cl","p":1.29,"u":"5,16 €/L","img":"https://fd8-photos.leclercdrive.fr/image.ashx?id=3010446&use=l&cat=p&typeid=i","cat":288383},{"id":76224,"n":"Maoam Stripes Haribo Sachet bonbons - 250g","p":1.47,"u":"5,88 €/KG","img":"https://fd8-photos.leclercdrive.fr/image.ashx?id=2953561&use=l&cat=p&typeid=i","cat":304250},{"id":76226,"n":"Tartiflette Côté Table 800g","p":2.83,"u":"3,54 €/KG","img":"https://fd8-photos.leclercdrive.fr/image.ashx?id=2977879&use=l&cat=p&typeid=i","cat":284441},{"id":76313,"n":"Hygiène parfaite Dr Beckmann Lave-linge - 250g","p":2.74,"u":"10,96 €/KG","img":"https://fd8-photos.leclercdrive.fr/image.ashx?id=2569821&use=l&cat=p&typeid=i","cat":284653},{"id":76360,"n":"Soda Schweppes Indian Tonic - 1L","p":1.81,"u":"1,81 €/L","img":"https://fd8-photos.leclercdrive.fr/image.ashx?id=2852399&use=l&cat=p&typeid=i","cat":284531},{"id":76397,"n":"Tablette chocolat au lait Lindt Noisettes 34% - 150g","p":3.47,"u":"23,13 €/KG","img":"https://fd8-photos.leclercdrive.fr/image.ashx?id=1877960&use=l&cat=p&typeid=i","cat":284497},{"id":76399,"n":"Tablette de chocolat noir Lindt Poire intense - 100g","p":2.53,"u":"25,30 €/KG","img":"https://fd8-photos.leclercdrive.fr/image.ashx?id=2209209&use=l&cat=p&typeid=i","cat":284956},{"id":76454,"n":"Dos de Colin d'Alaska Findus MSC - x6 - 660g","p":10.99,"u":"16,65 €/KG","img":"https://fd8-photos.leclercdrive.fr/image.ashx?id=2735341&use=l&cat=p&typeid=i","cat":319786},{"id":76487,"n":"Plaisir aux Noix  Lenôtre - 410g","p":8.65,"u":"21,10 €/KG","img":"https://fd8-photos.leclercdrive.fr/image.ashx?id=2807750&use=l&cat=p&typeid=i","cat":284267},{"id":76501,"n":"Chips Tortilla Old El Paso Nachips - 185g","p":2.03,"u":"10,97 €/KG","img":"https://fd8-photos.leclercdrive.fr/image.ashx?id=2444519&use=l&cat=p&typeid=i","cat":288993},{"id":76647,"n":"Sauce vinaigrette Tête Noire  Aux tomates séchées - 55cl","p":2.59,"u":"4,71 €/L","img":"https://fd8-photos.leclercdrive.fr/image.ashx?id=2851713&use=l&cat=p&typeid=i","cat":284456},{"id":76719,"n":"Serviette papier Aqua Homeside Triple épaisseur 40x40cm - x20","p":1.39,"u":"0,07 €/P","img":"https://fd8-photos.leclercdrive.fr/image.ashx?id=2711710&use=l&cat=p&typeid=i","cat":334134},{"id":76721,"n":"Serviette papier Olive Homeside Triple épaisseur 40x40cm - x20","p":1.39,"u":"0,07 €/P","img":"https://fd8-photos.leclercdrive.fr/image.ashx?id=2712337&use=l&cat=p&typeid=i","cat":334134},{"id":76725,"n":"Serviette papier Rouge Homeside Triple épaisseur 40x40cm - x20","p":1.39,"u":"0,07 €/P","img":"https://fd8-photos.leclercdrive.fr/image.ashx?id=1659735&use=l&cat=p&typeid=i","cat":334134},{"id":76731,"n":"Sachet mini burger Trolli 100g","p":1.42,"u":"14,20 €/KG","img":"https://fd8-photos.leclercdrive.fr/image.ashx?id=2651179&use=l&cat=p&typeid=i","cat":304250},{"id":76732,"n":"Yaourt allégé Sveltesse  Chocolat - 4x125g","p":1.59,"u":"3,18 €/KG","img":"https://fd8-photos.leclercdrive.fr/image.ashx?id=2571020&use=l&cat=p&typeid=i","cat":315000},{"id":76776,"n":"Eau de toilette Daniel Hechter  Homme Caractère - 50ml","p":14.29,"pp":10.0,"u":"200,00 €/L","img":"https://fd8-photos.leclercdrive.fr/image.ashx?id=2526953&use=l&cat=p&typeid=i","cat":287740},{"id":76783,"n":"Eau de Toilette Femme Eau Jeune Echappée Belle - 75ml","p":6.87,"pp":4.81,"u":"64,13 €/L","img":"https://fd8-photos.leclercdrive.fr/image.ashx?id=2458745&use=l&cat=p&typeid=i","cat":291525},{"id":76802,"n":"Biscuits cacao Kinder Cards Au lait et au cacao x5 - 128g","p":1.94,"u":"15,16 €/KG","img":"https://fd8-photos.leclercdrive.fr/image.ashx?id=2673328&use=l&cat=p&typeid=i","cat":284488},{"id":76862,"n":"Snacks chats Plénima Viande - 50g","p":1.19,"u":"23,80 €/KG","img":"https://fd8-photos.leclercdrive.fr/image.ashx?id=2049079&use=l&cat=p&typeid=i","cat":285285},{"id":76864,"n":"Gelée Bonne Maman Mûres - 370g","p":2.85,"u":"7,70 €/KG","img":"https://fd8-photos.leclercdrive.fr/image.ashx?id=2476305&use=l&cat=p&typeid=i","cat":284480},{"id":76869,"n":"Compote bio Bio Village Gourdes multivariétés - 12x90g","p":6.29,"u":"5,82 €/KG","img":"https://fd8-photos.leclercdrive.fr/image.ashx?id=1974308&use=l&cat=p&typeid=i","cat":284508},{"id":76870,"n":"Sachet fraîcheur chien Pedigree  Mixte en gelée - 12x100g","p":5.02,"u":"4,18 €/KG","img":"https://fd8-photos.leclercdrive.fr/image.ashx?id=2870239&use=l&cat=p&typeid=i","cat":284673},{"id":76875,"n":"Confiture Bonne Maman Fraise intense - 335g","p":2.1,"u":"6,27 €/KG","img":"https://fd8-photos.leclercdrive.fr/image.ashx?id=2341008&use=l&cat=p&typeid=i","cat":284480},{"id":76876,"n":"Confiture Bonne Maman Abricot intense - 335g","p":2.04,"u":"6,09 €/KG","img":"https://fd8-photos.leclercdrive.fr/image.ashx?id=2341011&use=l&cat=p&typeid=i","cat":284480},{"id":76877,"n":"Confiture Bonne Maman Framboise intense - 335g","p":2.75,"u":"8,21 €/KG","img":"https://fd8-photos.leclercdrive.fr/image.ashx?id=2341017&use=l&cat=p&typeid=i","cat":284480},{"id":76878,"n":"Confiture Bonne Maman Fruits rouges intense - 335g","p":2.31,"u":"6,90 €/KG","img":"https://fd8-photos.leclercdrive.fr/image.ashx?id=2900977&use=l&cat=p&typeid=i","cat":284480},{"id":76880,"n":"Confiture Bonne Maman Myrtille intense - 335g","p":2.75,"u":"8,21 €/KG","img":"https://fd8-photos.leclercdrive.fr/image.ashx?id=2341020&use=l&cat=p&typeid=i","cat":284480},{"id":76883,"n":"Sachet chat stérilisé Perfect Fit poissons sauce - 4x85g","p":2.75,"u":"8,09 €/KG","img":"https://fd8-photos.leclercdrive.fr/image.ashx?id=2759724&use=l&cat=p&typeid=i","cat":285286},{"id":76887,"n":"Friandises chien Pedigree  Récompense poulet canard - 130g","p":1.45,"u":"11,15 €/KG","img":"https://fd8-photos.leclercdrive.fr/image.ashx?id=2985555&use=l&cat=p&typeid=i","cat":294527},{"id":76888,"n":"Compotes Pom'Potes Gourdes  Multivariétés - 12x90g","p":4.95,"u":"4,58 €/KG","img":"https://fd8-photos.leclercdrive.fr/image.ashx?id=2986143&use=l&cat=p&typeid=i","cat":284508},{"id":76889,"n":"Compotes Pom'Potes Gourdes  Pomme Nature - 20x90g","p":6.69,"u":"3,72 €/KG","img":"https://fd8-photos.leclercdrive.fr/image.ashx?id=2889220&use=l&cat=p&typeid=i","cat":284508},{"id":76999,"n":"Vinaigre de vin rouge Maille 50cl","p":2.19,"u":"4,38 €/L","img":"https://fd8-photos.leclercdrive.fr/image.ashx?id=2812747&use=l&cat=p&typeid=i","cat":298543},{"id":77008,"n":"Petits pains grillés Epi d'Or Briochés - 225g","p":1.45,"u":"6,44 €/KG","img":"https://fd8-photos.leclercdrive.fr/image.ashx?id=2496416&use=l&cat=p&typeid=i","cat":284479},{"id":77010,"n":"Lait concentré sucré Nestlé 8% MG - 397g","p":1.89,"u":"4,76 €/KG","img":"https://fd8-photos.leclercdrive.fr/image.ashx?id=2906832&use=l&cat=p&typeid=i","cat":299162},{"id":77017,"n":"Vinaigrette Maille Huile sésame/soja - 36cl","p":2.99,"u":"8,31 €/L","img":"https://fd8-photos.leclercdrive.fr/image.ashx?id=2985657&use=l&cat=p&typeid=i","cat":284456},{"id":77289,"n":"Friandises chats  Félix Poulet, foie, dinde  - 200g","p":2.59,"u":"12,95 €/KG","img":"https://fd8-photos.leclercdrive.fr/image.ashx?id=2740859&use=l&cat=p&typeid=i","cat":285285},{"id":77290,"n":"Friandises chats Félix Saveur ocean Saumon,truite 200g","p":2.33,"u":"11,65 €/KG","img":"https://fd8-photos.leclercdrive.fr/image.ashx?id=2940465&use=l&cat=p&typeid=i","cat":285285},{"id":77335,"n":"Lait frais demi-écrémé bio Bio Village Bouteille - 1L","p":1.95,"u":"1,95 €/L","img":"https://fd8-photos.leclercdrive.fr/image.ashx?id=2969872&use=l&cat=p&typeid=i","cat":284377},{"id":77336,"n":"St nectaire laitier NRT AOP  300g","p":4.28,"u":"14,27 €/KG","img":"https://fd8-photos.leclercdrive.fr/image.ashx?id=2143359&use=l&cat=p&typeid=i","cat":329184},{"id":77359,"n":"Ravioli pur boeuf Côté Table Sauce italienne - 800g","p":2.19,"u":"2,74 €/KG","img":"https://fd8-photos.leclercdrive.fr/image.ashx?id=3015102&use=l&cat=p&typeid=i","cat":284442},{"id":77360,"n":"Ravioli bolognaise Côté Table 800g","p":2.89,"u":"3,61 €/KG","img":"https://fd8-photos.leclercdrive.fr/image.ashx?id=3015099&use=l&cat=p&typeid=i","cat":284442},{"id":77465,"n":"Fromages râpé spécial Pizza Les Croisés familial - 350g","p":3.94,"u":"11,26 €/KG","img":"https://fd8-photos.leclercdrive.fr/image.ashx?id=2897805&use=l&cat=p&typeid=i","cat":314035},{"id":77507,"n":"Chips Tortilla Old El Paso Fajita maxi format - 300g","p":3.06,"u":"10,20 €/KG","img":"https://fd8-photos.leclercdrive.fr/image.ashx?id=2737699&use=l&cat=p&typeid=i","cat":288993},{"id":77562,"n":"AOC Champagne de Cazanove Réserve brut - 75cl","p":18.9,"u":"25,20 €/L","img":"https://fd8-photos.leclercdrive.fr/image.ashx?id=2106814&use=l&cat=p&typeid=i","cat":284542},{"id":77563,"n":"Blanc de poulet Fleury Michon fumé x6 - 180g","p":3.47,"u":"19,28 €/KG","img":"https://fd8-photos.leclercdrive.fr/image.ashx?id=2984886&use=l&cat=p&typeid=i","cat":316010},{"id":77681,"n":"Amandes décortiquées Vahiné 125g","p":3.24,"u":"25,92 €/KG","img":"https://fd8-photos.leclercdrive.fr/image.ashx?id=2559805&use=l&cat=p&typeid=i","cat":284504},{"id":77682,"n":"Décors à poser smiley Vahiné 1 pièce","p":3.29,"pp":2.17,"img":"https://fd8-photos.leclercdrive.fr/image.ashx?id=1723343&use=l&cat=p&typeid=i","cat":284504},{"id":77727,"n":"Pain Bagel La Boulangère x2 - 180g","p":1.16,"u":"6,44 €/KG","img":"https://fd8-photos.leclercdrive.fr/image.ashx?id=2333959&use=l&cat=p&typeid=i","cat":284985},{"id":77731,"n":"Pâte à sucre Vahiné 250g","p":2.11,"u":"8,44 €/KG","img":"https://fd8-photos.leclercdrive.fr/image.ashx?id=2559874&use=l&cat=p&typeid=i","cat":284504},{"id":77734,"n":"Pains au chocolat Fournée Dorée Beurre frais x8 - 360g","p":2.99,"u":"8,31 €/KG","img":"https://fd8-photos.leclercdrive.fr/image.ashx?id=2950354&use=l&cat=p&typeid=i","cat":296366},{"id":77735,"n":"IGP Vinaigrette à l'orange Maille 36cl","p":2.43,"u":"6,75 €/L","img":"https://fd8-photos.leclercdrive.fr/image.ashx?id=2082855&use=l&cat=p&typeid=i","cat":284456},{"id":77739,"n":"Crème sans rinçage Elsève Cheveu Abimé, Cassant - 200ml","p":5.39,"u":"26,95 €/L","img":"https://fd8-photos.leclercdrive.fr/image.ashx?id=2948980&use=l&cat=p&typeid=i","cat":284608},{"id":77745,"n":"Sauce Gourmet Amora Béarnaise - 184g","p":1.63,"u":"8,86 €/KG","img":"https://fd8-photos.leclercdrive.fr/image.ashx?id=2387876&use=l&cat=p&typeid=i","cat":318430},{"id":77746,"n":"Sauce Gourmet Amora Burger - 188g","p":1.63,"u":"8,67 €/KG","img":"https://fd8-photos.leclercdrive.fr/image.ashx?id=2387879&use=l&cat=p&typeid=i","cat":318430},{"id":77754,"n":"Pain grillé Pelletier Goût brioche - 500g","p":3.45,"u":"6,90 €/KG","img":"https://fd8-photos.leclercdrive.fr/image.ashx?id=3002246&use=l&cat=p&typeid=i","cat":284479},{"id":77755,"n":"Vinaigrette Légère MAILLE Vin Rouge & Echalotes - 36cl","p":2.46,"u":"6,83 €/L","img":"https://fd8-photos.leclercdrive.fr/image.ashx?id=2788154&use=l&cat=p&typeid=i","cat":284456},{"id":77855,"n":"Huile à barbe L'Oréal Paris Men Expert bois de cèdre - 30ml","p":8.31,"u":"277,00 €/L","img":"https://fd8-photos.leclercdrive.fr/image.ashx?id=3008770&use=l&cat=p&typeid=i","cat":284622},{"id":77871,"n":"Brosse à dent Aquafresh Flex Medium x3","p":4.24,"u":"1,41 €/P","img":"https://fd8-photos.leclercdrive.fr/image.ashx?id=2303855&use=l&cat=p&typeid=i","cat":284614},{"id":77882,"n":"Houmous L'Atelier Blini Extra au citron - 175g","p":2.79,"u":"15,94 €/KG","img":"https://fd8-photos.leclercdrive.fr/image.ashx?id=2868984&use=l&cat=p&typeid=i","cat":315999},{"id":77890,"n":"Cake fourré fraise  Sans Gluten - x6 - 210g","p":3.01,"u":"14,33 €/KG","img":"https://fd8-photos.leclercdrive.fr/image.ashx?id=2568828&use=l&cat=p&typeid=i","cat":318654},{"id":77915,"n":"Eau micellaire Diadermine Express 3 en 1 - 400ml","p":5.98,"u":"14,95 €/L","img":"https://fd8-photos.leclercdrive.fr/image.ashx?id=2507862&use=l&cat=p&typeid=i","cat":284603},{"id":77916,"n":"Eau micellaire Garnier Ultra clean - 2x400ml","p":9.09,"u":"11,36 €/L","img":"https://fd8-photos.leclercdrive.fr/image.ashx?id=2422911&use=l&cat=p&typeid=i","cat":284603},{"id":77946,"n":"Soin visage L'Oréal Paris Revitalift anti-âge - 50ml","p":9.19,"u":"183,80 €/L","img":"https://fd8-photos.leclercdrive.fr/image.ashx?id=2867527&use=l&cat=p&typeid=i","cat":325345},{"id":77950,"n":"Yaourt Délisse Déli'max Fraise banane - 850g","p":1.45,"u":"1,71 €/KG","img":"https://fd8-photos.leclercdrive.fr/image.ashx?id=2775893&use=l&cat=p&typeid=i","cat":284415},{"id":77976,"n":"Beurre Grand Fermage Doux - 82% MG - 250g","p":2.65,"u":"10,60 €/KG","img":"https://fd8-photos.leclercdrive.fr/image.ashx?id=2985207&use=l&cat=p&typeid=i","cat":284379},{"id":77998,"n":"Yaourt Mini max Délisse Framboise - 8x100g","p":2.21,"u":"2,76 €/KG","img":"https://fd8-photos.leclercdrive.fr/image.ashx?id=2762507&use=l&cat=p&typeid=i","cat":284415},{"id":78005,"n":"Feta AOP Casa Azzurra Portion - 150g","p":3.19,"u":"21,27 €/KG","img":"https://fd8-photos.leclercdrive.fr/image.ashx?id=1620610&use=l&cat=p&typeid=i","cat":314026},{"id":78057,"n":"Pain de mie nature Sans gluten - 300g","p":2.59,"u":"8,63 €/KG","img":"https://fd8-photos.leclercdrive.fr/image.ashx?id=2710828&use=l&cat=p&typeid=i","cat":284477},{"id":78060,"n":"Spaghetti Chaque Jour  Sans gluten - 400g","p":1.6,"u":"4,00 €/KG","img":"https://fd8-photos.leclercdrive.fr/image.ashx?id=2872712&use=l&cat=p&typeid=i","cat":284427},{"id":78078,"n":"Café moulu San Marco n°7 - 250g","p":5.07,"u":"20,28 €/KG","img":"https://fd8-photos.leclercdrive.fr/image.ashx?id=2322169&use=l&cat=p&typeid=i","cat":284750},{"id":78098,"n":"Sauce Épicée TABASCO Piment Rouge - 60ml","p":2.49,"u":"41,50 €/L","img":"https://fd8-photos.leclercdrive.fr/image.ashx?id=2961317&use=l&cat=p&typeid=i","cat":298298},{"id":78105,"n":"Capsules café L'Or Espresso Splendente N°7 x10","p":3.21,"u":"61,73 €/KG","img":"https://fd8-photos.leclercdrive.fr/image.ashx?id=3000465&use=l&cat=p&typeid=i","cat":284749},{"id":78106,"n":"Capsules café L'Or Espresso Supremo N°10 x10","p":3.52,"u":"67,69 €/KG","img":"https://fd8-photos.leclercdrive.fr/image.ashx?id=2393756&use=l&cat=p&typeid=i","cat":284749},{"id":78107,"n":"Capsules café L'Or Espresso Decaffeinato N°6 x10","p":3.54,"u":"68,08 €/KG","img":"https://fd8-photos.leclercdrive.fr/image.ashx?id=2100275&use=l&cat=p&typeid=i","cat":284749},{"id":78108,"n":"Capsules café L'Or Espresso Or Absolu N°9 x10","p":3.64,"u":"70,00 €/KG","img":"https://fd8-photos.leclercdrive.fr/image.ashx?id=2100287&use=l&cat=p&typeid=i","cat":284749},{"id":78109,"n":"Dosettes café Senseo Extra Long Classique x20","p":5.39,"u":"21,56 €/KG","img":"https://fd8-photos.leclercdrive.fr/image.ashx?id=2288122&use=l&cat=p&typeid=i","cat":293238},{"id":78133,"n":"Sablés framboise Bonne Maman 150g","p":2.09,"u":"13,93 €/KG","img":"https://fd8-photos.leclercdrive.fr/image.ashx?id=2936215&use=l&cat=p&typeid=i","cat":284487},{"id":78135,"n":"Safran filament Ducros 0.35g","p":3.77,"img":"https://fd8-photos.leclercdrive.fr/image.ashx?id=2474296&use=l&cat=p&typeid=i","cat":298297},{"id":78137,"n":"Coquillettes Chaque Jour  Sans gluten - 400g","p":1.57,"u":"3,93 €/KG","img":"https://fd8-photos.leclercdrive.fr/image.ashx?id=2872715&use=l&cat=p&typeid=i","cat":284427},{"id":78138,"n":"Sablé de Retz Saint Michel Oter Bahlsen - 2x120g","p":1.35,"u":"5,63 €/KG","img":"https://fd8-photos.leclercdrive.fr/image.ashx?id=2935684&use=l&cat=p&typeid=i","cat":284487},{"id":78154,"n":"Fusilli Chaque Jour  Sans gluten - 400g","p":1.75,"u":"4,38 €/KG","img":"https://fd8-photos.leclercdrive.fr/image.ashx?id=2885774&use=l&cat=p&typeid=i","cat":284427},{"id":78158,"n":"Biscuits Palmier Saint Michel 100g","p":1.49,"u":"14,90 €/KG","img":"https://fd8-photos.leclercdrive.fr/image.ashx?id=2936185&use=l&cat=p&typeid=i","cat":284487},{"id":78159,"n":"Barres céréales chocolat Chaque jour sans gluten - 132g","p":3.56,"u":"26,97 €/KG","img":"https://fd8-photos.leclercdrive.fr/image.ashx?id=2764395&use=l&cat=p&typeid=i","cat":318654},{"id":78160,"n":"Petits cookies Bonne Maman Pépites de chocolat - 250g","p":2.49,"u":"9,96 €/KG","img":"https://fd8-photos.leclercdrive.fr/image.ashx?id=2936170&use=l&cat=p&typeid=i","cat":325066},{"id":78176,"n":"Mini cônes Extrême Vanille Chocolat x8 - 312g","p":3.71,"u":"11,89 €/KG","img":"https://fd8-photos.leclercdrive.fr/image.ashx?id=2737030&use=l&cat=p&typeid=i","cat":284264},{"id":78177,"n":"Glace Extrême mini Vanille/pecan/cookie - 8x39g","p":3.59,"u":"11,51 €/KG","img":"https://fd8-photos.leclercdrive.fr/image.ashx?id=2346485&use=l&cat=p&typeid=i","cat":284264},{"id":78192,"n":"Pizza extrème Marie L'américaine - 530g","p":3.55,"u":"6,70 €/KG","img":"https://fd8-photos.leclercdrive.fr/image.ashx?id=2996767&use=l&cat=p&typeid=i","cat":284256},{"id":78204,"n":"Biscuits Palmito LU 100g","p":0.92,"u":"9,20 €/KG","img":"https://fd8-photos.leclercdrive.fr/image.ashx?id=3001949&use=l&cat=p&typeid=i","cat":284487},{"id":78210,"n":"Biscuits Nutella B-ready 6x22g","p":2.26,"u":"17,12 €/KG","img":"https://fd8-photos.leclercdrive.fr/image.ashx?id=2770602&use=l&cat=p&typeid=i","cat":284488},{"id":78214,"n":"Cookies mini Granola Pépites de chocolat - 160g","p":2.19,"u":"13,69 €/KG","img":"https://fd8-photos.leclercdrive.fr/image.ashx?id=3002252&use=l&cat=p&typeid=i","cat":325066},{"id":78258,"n":"Repas bébé 6 mois Good Goût Bio Carottes poulet - 190g","p":2.96,"u":"15,58 €/KG","img":"https://fd8-photos.leclercdrive.fr/image.ashx?id=2968430&use=l&cat=p&typeid=i","cat":312236},{"id":78259,"n":"Repas bébé Good Goût Bio 6 mois Patate douces / Porc - 190g","p":3.08,"u":"16,21 €/KG","img":"https://fd8-photos.leclercdrive.fr/image.ashx?id=2633130&use=l&cat=p&typeid=i","cat":312236},{"id":78270,"n":"Gourde bébé Good Goût Bio 6Mois Petit déj : Myrtille - 70g","p":1.35,"u":"19,29 €/KG","img":"https://fd8-photos.leclercdrive.fr/image.ashx?id=2736091&use=l&cat=p&typeid=i","cat":312393},{"id":78276,"n":"Biscuit tout ronds Good Goût Bio - vanille dès 10 mois - 80g","p":3.19,"u":"39,88 €/KG","img":"https://fd8-photos.leclercdrive.fr/image.ashx?id=2736097&use=l&cat=p&typeid=i","cat":312227},{"id":78447,"n":"Café soluble Nescafé Spécial filtre décaféiné - 200g","p":8.39,"u":"41,95 €/KG","img":"https://fd8-photos.leclercdrive.fr/image.ashx?id=2864071&use=l&cat=p&typeid=i","cat":284843},{"id":78449,"n":"Romarin 20g","p":1.55,"u":"77,50 €/KG","img":"https://fd8-photos.leclercdrive.fr/image.ashx?id=2050261&use=l&cat=p&typeid=i","cat":293607},{"id":78454,"n":"Biscuits petit déjeuner Belvita Chocolat - 600g","p":3.89,"u":"6,48 €/KG","img":"https://fd8-photos.leclercdrive.fr/image.ashx?id=2345484&use=l&cat=p&typeid=i","cat":284491},{"id":78485,"n":"Cacahuètes Menguy's Grillées à sec - 450g","p":3.8,"u":"8,44 €/KG","img":"https://fd8-photos.leclercdrive.fr/image.ashx?id=2979797&use=l&cat=p&typeid=i","cat":284448},{"id":78488,"n":"Cacahuètes Menguy's Grillées salées - 450g","p":3.75,"u":"8,33 €/KG","img":"https://fd8-photos.leclercdrive.fr/image.ashx?id=2979794&use=l&cat=p&typeid=i","cat":284448},{"id":78496,"n":"Boudoirs Brossard x30 - 175g","p":1.52,"u":"8,69 €/KG","img":"https://fd8-photos.leclercdrive.fr/image.ashx?id=2964995&use=l&cat=p&typeid=i","cat":284487},{"id":78544,"n":"Ravioli pur boeuf Côté Table  400g","p":1.35,"u":"3,38 €/KG","img":"https://fd8-photos.leclercdrive.fr/image.ashx?id=3014281&use=l&cat=p&typeid=i","cat":284442},{"id":78546,"n":"Ravioli bolognaise Côté Table 400g","p":1.99,"u":"4,98 €/KG","img":"https://fd8-photos.leclercdrive.fr/image.ashx?id=3014275&use=l&cat=p&typeid=i","cat":284442},{"id":78577,"n":"Gaufrettes Brun  Chocolat - 146g","p":0.99,"u":"6,78 €/KG","img":"https://fd8-photos.leclercdrive.fr/image.ashx?id=2842543&use=l&cat=p&typeid=i","cat":284487},{"id":78580,"n":"Gaufrettes Brun  Vanille - 146g","p":0.99,"u":"6,78 €/KG","img":"https://fd8-photos.leclercdrive.fr/image.ashx?id=2354320&use=l&cat=p&typeid=i","cat":284487},{"id":78586,"n":"Biscuits cuillers Brossard Pâtissier -300g","p":4.99,"u":"16,63 €/KG","img":"https://fd8-photos.leclercdrive.fr/image.ashx?id=2983384&use=l&cat=p&typeid=i","cat":284487},{"id":78594,"n":"Biscuits croquants Délichoc Chocolat noir - 150g","p":1.85,"u":"12,33 €/KG","img":"https://fd8-photos.leclercdrive.fr/image.ashx?id=2956307&use=l&cat=p&typeid=i","cat":284488},{"id":78618,"n":"Assiettes en carton Eco+ x100","p":2.97,"img":"https://fd8-photos.leclercdrive.fr/image.ashx?id=1307672&use=l&cat=p&typeid=i","cat":334134},{"id":78628,"n":"Serviettes blanches Homeside x30 - 38cmx38cm - 2 plis","p":1.31,"u":"0,04 €/P","img":"https://fd8-photos.leclercdrive.fr/image.ashx?id=1659693&use=l&cat=p&typeid=i","cat":334134},{"id":78634,"n":"Pétrole désaromatisé Mieuxa 1L","p":5.25,"u":"5,25 €/L","img":"https://fd8-photos.leclercdrive.fr/image.ashx?id=2277035&use=l&cat=p&typeid=i","cat":300576},{"id":78642,"n":"Nappe damassée Homeside Turquoise - 7m","p":2.96,"img":"https://fd8-photos.leclercdrive.fr/image.ashx?id=2713581&use=l&cat=p&typeid=i","cat":334134},{"id":78643,"n":"Serviettes 2 plis Ardence Aqua - 38x38cm - x30","p":1.7,"u":"0,06 €/P","img":"https://fd8-photos.leclercdrive.fr/image.ashx?id=2744125&use=l&cat=p&typeid=i","cat":334134},{"id":78645,"n":"Nappe damassée Homeside Bleu ciel - 7m","p":2.96,"u":"0,42 €/MT","img":"https://fd8-photos.leclercdrive.fr/image.ashx?id=2693144&use=l&cat=p&typeid=i","cat":334134},{"id":78680,"n":"Champagne brut demie Rothschild 37.5cl","p":13.9,"u":"37,07 €/L","img":"https://fd8-photos.leclercdrive.fr/image.ashx?id=2686603&use=l&cat=p&typeid=i","cat":284542},{"id":78715,"n":"Gaufrettes vanille Eco+ 190g","p":0.69,"u":"3,63 €/KG","img":"https://fd8-photos.leclercdrive.fr/image.ashx?id=2760786&use=l&cat=p&typeid=i","cat":284487},{"id":78716,"n":"Gaufrettes chocolat Eco+ 190g","p":0.69,"u":"3,63 €/KG","img":"https://fd8-photos.leclercdrive.fr/image.ashx?id=2843036&use=l&cat=p&typeid=i","cat":284487},{"id":78717,"n":"Brioche tranchée Eco+ Nature - 500g","p":1.19,"u":"2,38 €/KG","img":"https://fd8-photos.leclercdrive.fr/image.ashx?id=1521024&use=l&cat=p&typeid=i","cat":284478},{"id":78719,"n":"Goûter fourré rond Eco+ Vanille - 500g","p":1.43,"u":"2,86 €/KG","img":"https://fd8-photos.leclercdrive.fr/image.ashx?id=3014341&use=l&cat=p&typeid=i","cat":284489},{"id":78722,"n":"Tartelettes à l'abricot Eco+ x12 - 200g","p":0.8,"u":"4,00 €/KG","img":"https://fd8-photos.leclercdrive.fr/image.ashx?id=2869754&use=l&cat=p&typeid=i","cat":284489},{"id":78723,"n":"Petits beurre Eco+ x24 - 175g","p":0.58,"u":"3,31 €/KG","img":"https://fd8-photos.leclercdrive.fr/image.ashx?id=2758782&use=l&cat=p&typeid=i","cat":284487},{"id":78725,"n":"Génoises fourrées orange Eco+ 300g","p":1.5,"u":"5,00 €/KG","img":"https://fd8-photos.leclercdrive.fr/image.ashx?id=2768445&use=l&cat=p&typeid=i","cat":284489},{"id":78726,"n":"Biscuits petit déjeuner Eco+ x25 - 350g","p":0.73,"u":"2,09 €/KG","img":"https://fd8-photos.leclercdrive.fr/image.ashx?id=2550821&use=l&cat=p&typeid=i","cat":284491},{"id":78729,"n":"Biscuits sablés Sprits Eco+ 400g","p":1.14,"u":"2,85 €/KG","img":"https://fd8-photos.leclercdrive.fr/image.ashx?id=2196367&use=l&cat=p&typeid=i","cat":284487},{"id":78732,"n":"Guacamole Old El Paso Doux - 320g","p":2.03,"u":"6,34 €/KG","img":"https://fd8-photos.leclercdrive.fr/image.ashx?id=2737612&use=l&cat=p&typeid=i","cat":288993},{"id":78734,"n":"Boisson gourmande PAGO Red ACE Orange sang carotte ctrn - 75cl","p":1.93,"u":"2,57 €/L","img":"https://fd8-photos.leclercdrive.fr/image.ashx?id=2861234&use=l&cat=p&typeid=i","cat":284915},{"id":78737,"n":"Petit beurre Schar Sans gluten - 165g","p":3.22,"u":"19,52 €/KG","img":"https://fd8-photos.leclercdrive.fr/image.ashx?id=2137072&use=l&cat=p&typeid=i","cat":318654},{"id":78742,"n":"Pain campagnard Schar Aux graines sans gluten - 250g","p":3.54,"u":"14,16 €/KG","img":"https://fd8-photos.leclercdrive.fr/image.ashx?id=2139874&use=l&cat=p&typeid=i","cat":325069},{"id":78744,"n":"Pain de mie Schär - Classic Sans gluten - 300g","p":3.51,"u":"11,70 €/KG","img":"https://fd8-photos.leclercdrive.fr/image.ashx?id=2659418&use=l&cat=p&typeid=i","cat":318654},{"id":78745,"n":"Crackers Schar Sans gluten - 210g","p":4.35,"u":"20,71 €/KG","img":"https://fd8-photos.leclercdrive.fr/image.ashx?id=2439941&use=l&cat=p&typeid=i","cat":297000},{"id":78767,"n":"Chocolat noir Bio Ethiquable Côte d'Ivoire/Bolivie - 100g","p":3.57,"u":"35,70 €/KG","img":"https://fd8-photos.leclercdrive.fr/image.ashx?id=3003378&use=l&cat=p&typeid=i","cat":284956},{"id":78771,"n":"Galette Bonne Maman x12 - 170g","p":1.75,"u":"10,29 €/KG","img":"https://fd8-photos.leclercdrive.fr/image.ashx?id=2935792&use=l&cat=p&typeid=i","cat":284487},{"id":78773,"n":"Tablette de chocolat noir Lindt Noir 78% cacao - 100g","p":2.42,"u":"24,20 €/KG","img":"https://fd8-photos.leclercdrive.fr/image.ashx?id=2689481&use=l&cat=p&typeid=i","cat":284956},{"id":78837,"n":"Fromage blanc Danone Nature 3%MG - 825g","p":2.99,"u":"3,62 €/KG","img":"https://fd8-photos.leclercdrive.fr/image.ashx?id=2813878&use=l&cat=p&typeid=i","cat":284409},{"id":78937,"n":"Knacki végétal Herta x6 - 210g","p":2.45,"u":"11,67 €/KG","img":"https://fd8-photos.leclercdrive.fr/image.ashx?id=2992323&use=l&cat=p&typeid=i","cat":316036},{"id":78953,"n":"Savon solide Bionaïa Abricot bio - 100g","p":1.39,"u":"13,90 €/KG","img":"https://fd8-photos.leclercdrive.fr/image.ashx?id=2331324&use=l&cat=p&typeid=i","cat":284597},{"id":78965,"n":"Xtrem Box Sodebo Radiatori à la Bolognaise -400g","p":3.29,"u":"8,23 €/KG","img":"https://fd8-photos.leclercdrive.fr/image.ashx?id=2638760&use=l&cat=p&typeid=i","cat":334983},{"id":78970,"n":"Ravioli emmental Bio Village Bio Basilic - 250g","p":2.99,"u":"11,96 €/KG","img":"https://fd8-photos.leclercdrive.fr/image.ashx?id=2843611&use=l&cat=p&typeid=i","cat":333682},{"id":79016,"n":"Galette boulgour Céréal Bio  Bio tomate parmesan x2 200G","p":2.29,"u":"11,45 €/KG","img":"https://fd8-photos.leclercdrive.fr/image.ashx?id=2573519&use=l&cat=p&typeid=i","cat":284953},{"id":79092,"n":"Adoucissant peaux sensibles 40 lavages - 750 ml - UNI VERT","p":1.78,"u":"2,37 €/L","img":"https://fd8-photos.leclercdrive.fr/image.ashx?id=2893334&use=l&cat=p&typeid=i","cat":284650},{"id":79220,"n":"Petit pot bébé bio Blédina 6m  Légumes veau - 2x200g","p":3.05,"u":"7,63 €/KG","img":"https://fd8-photos.leclercdrive.fr/image.ashx?id=2974291&use=l&cat=p&typeid=i","cat":312236},{"id":79221,"n":"Petit pot bébé bio Blédina 6m  Légumes poulet - 2x200g","p":2.69,"u":"6,73 €/KG","img":"https://fd8-photos.leclercdrive.fr/image.ashx?id=2951578&use=l&cat=p&typeid=i","cat":312236},{"id":79233,"n":"Petit pot bébé bio Blédina 4-6m Haricots pomme de terre -2x130g","p":2.01,"u":"7,73 €/KG","img":"https://fd8-photos.leclercdrive.fr/image.ashx?id=2831699&use=l&cat=p&typeid=i","cat":312234},{"id":79243,"n":"Petit pot bébé bio Blédina 4-6m Patate douce - 2x130g","p":1.44,"u":"5,54 €/KG","img":"https://fd8-photos.leclercdrive.fr/image.ashx?id=2848581&use=l&cat=p&typeid=i","cat":312234},{"id":79252,"n":"Compote bébé bio Blédina 6 mois Pomme banane kiwi - 2x130g","p":1.5,"u":"5,77 €/KG","img":"https://fd8-photos.leclercdrive.fr/image.ashx?id=2848560&use=l&cat=p&typeid=i","cat":312388},{"id":79260,"n":"Compote bébé bio Blédina 6 mois Pomme banane nectarine - 2x130g","p":2.25,"u":"8,65 €/KG","img":"https://fd8-photos.leclercdrive.fr/image.ashx?id=2848572&use=l&cat=p&typeid=i","cat":312388},{"id":79402,"n":"Chorizo espagnol fort x30 - 150g","p":2.19,"u":"14,60 €/KG","img":"https://fd8-photos.leclercdrive.fr/image.ashx?id=1873728&use=l&cat=p&typeid=i","cat":316007},{"id":79404,"n":"P'tit max Délisse Vanille - 6x180g","p":2.03,"u":"1,88 €/KG","img":"https://fd8-photos.leclercdrive.fr/image.ashx?id=2757933&use=l&cat=p&typeid=i","cat":284415},{"id":79406,"n":"P'tit max Délisse Framboise - 6x180g","p":2.03,"u":"1,88 €/KG","img":"https://fd8-photos.leclercdrive.fr/image.ashx?id=2757936&use=l&cat=p&typeid=i","cat":284415},{"id":79527,"n":"Sauce Pizza Zapetti tomates et  origan - 2x190g","p":1.94,"u":"5,11 €/KG","img":"https://fd8-photos.leclercdrive.fr/image.ashx?id=2579984&use=l&cat=p&typeid=i","cat":288384},{"id":79528,"n":"Nouilles Tables du Monde Asiatiques Boeuf cup - 61.5g","p":0.74,"u":"11,94 €/KG","img":"https://fd8-photos.leclercdrive.fr/image.ashx?id=1297258&use=l&cat=p&typeid=i","cat":288992},{"id":79529,"n":"Nouille Tables du Monde Asiatique Poulet cup - 61.5g","p":0.74,"u":"11,94 €/KG","img":"https://fd8-photos.leclercdrive.fr/image.ashx?id=1297261&use=l&cat=p&typeid=i","cat":288992},{"id":79532,"n":"Nouilles Table du Monde Asiatiques Curry cup - 61.5g","p":0.79,"u":"12,74 €/KG","img":"https://fd8-photos.leclercdrive.fr/image.ashx?id=1297264&use=l&cat=p&typeid=i","cat":288992},{"id":79534,"n":"Nouilles Tables du Monde Asiatiques crevette cup - 61.5g","p":0.74,"u":"11,94 €/KG","img":"https://fd8-photos.leclercdrive.fr/image.ashx?id=2920208&use=l&cat=p&typeid=i","cat":288992},{"id":79545,"n":"Pâtes Collezione Barilla Tortellini jambon fromage -250g","p":2.75,"u":"11,00 €/KG","img":"https://fd8-photos.leclercdrive.fr/image.ashx?id=2588624&use=l&cat=p&typeid=i","cat":284427},{"id":79552,"n":"Pâtes Barilla Spaghettoni n°7 - 1kg","p":1.95,"u":"1,95 €/KG","img":"https://fd8-photos.leclercdrive.fr/image.ashx?id=2392233&use=l&cat=p&typeid=i","cat":284427},{"id":79555,"n":"Sauce Tomates Barilla Basilic - 200g","p":1.39,"u":"6,95 €/KG","img":"https://fd8-photos.leclercdrive.fr/image.ashx?id=2834044&use=l&cat=p&typeid=i","cat":287599},{"id":79556,"n":"Couscous parfumé Tipiak Epice - 510g","p":2.19,"u":"4,29 €/KG","img":"https://fd8-photos.leclercdrive.fr/image.ashx?id=2882866&use=l&cat=p&typeid=i","cat":284429},{"id":79560,"n":"Madeleines moelleuses Saint Michel x10 - 250g","p":1.79,"u":"7,16 €/KG","img":"https://fd8-photos.leclercdrive.fr/image.ashx?id=2936155&use=l&cat=p&typeid=i","cat":284492},{"id":79623,"n":"Barre de céréales Nature Valley  Crunchy avoine miel X5-210g","p":2.79,"u":"13,29 €/KG","img":"https://fd8-photos.leclercdrive.fr/image.ashx?id=2844472&use=l&cat=p&typeid=i","cat":285869},{"id":79624,"n":"Barre de céréales Nature Valley Crunchy avoine chocolat x5-210g","p":2.62,"u":"12,48 €/KG","img":"https://fd8-photos.leclercdrive.fr/image.ashx?id=2844475&use=l&cat=p&typeid=i","cat":285869},{"id":79625,"n":"Barre de céréales Nature Valley  Sweet & Salty chocolat x5-150g","p":2.77,"u":"18,47 €/KG","img":"https://fd8-photos.leclercdrive.fr/image.ashx?id=2737714&use=l&cat=p&typeid=i","cat":285869},{"id":79668,"n":"Bouillon cubes Knorr Légumes réduit en sel x12- 109g","p":1.03,"u":"9,45 €/KG","img":"https://fd8-photos.leclercdrive.fr/image.ashx?id=2793068&use=l&cat=p&typeid=i","cat":288379},{"id":79674,"n":"Mascara Maybelline  Colossal Big Shot volume Noir","p":11.65,"img":"https://fd8-photos.leclercdrive.fr/image.ashx?id=2422734&use=l&cat=p&typeid=i","cat":287029},{"id":79682,"n":"Poudre fondante L'Oréal Paris Accord Parfait 3D Beige doré","p":15.73,"img":"https://fd8-photos.leclercdrive.fr/image.ashx?id=2395544&use=l&cat=p&typeid=i","cat":287029},{"id":79692,"n":"Mascara L'Oréal Paris Millions de Cils Noir","p":10.79,"pp":7.12,"img":"https://fd8-photos.leclercdrive.fr/image.ashx?id=2419167&use=l&cat=p&typeid=i","cat":287029},{"id":79694,"n":"Fond de Teint L'Oréal Paris Accord Parfait 2.R Vanille Rosé","p":15.73,"img":"https://fd8-photos.leclercdrive.fr/image.ashx?id=2937355&use=l&cat=p&typeid=i","cat":287029},{"id":79743,"n":"Liquide vaisselle Rainett Aloé véra - 500ml","p":1.38,"u":"2,76 €/L","img":"https://fd8-photos.leclercdrive.fr/image.ashx?id=2297126&use=l&cat=p&typeid=i","cat":284655},{"id":79797,"n":"Fond de Teint L'Oréal Paris Accord Parfait 3.R Beige Rosé","p":15.73,"img":"https://fd8-photos.leclercdrive.fr/image.ashx?id=2900971&use=l&cat=p&typeid=i","cat":287029},{"id":79798,"n":"Fond de Teint L'Oréal Paris Accord Parfait 3.D Beige Doré","p":15.73,"img":"https://fd8-photos.leclercdrive.fr/image.ashx?id=2900974&use=l&cat=p&typeid=i","cat":287029},{"id":79823,"n":"Fondue poireaux cabillaud bio Good Goût - Dès 6 mois - 190g","p":2.84,"u":"14,95 €/KG","img":"https://fd8-photos.leclercdrive.fr/image.ashx?id=2736079&use=l&cat=p&typeid=i","cat":312236},{"id":79877,"n":"Correcteur anticerne Maybelline Instant Anti-Age 01 Beige Rose","p":11.55,"img":"https://fd8-photos.leclercdrive.fr/image.ashx?id=2770542&use=l&cat=p&typeid=i","cat":287029},{"id":79896,"n":"Vernis à ongles gel Maybelline Superstay 25 Base Transparente","p":7.36,"img":"https://fd8-photos.leclercdrive.fr/image.ashx?id=2423163&use=l&cat=p&typeid=i","cat":325347},{"id":79897,"n":"Vernis à ongles Maybelline Tenue & Strong - blanc nacré","p":7.23,"img":"https://fd8-photos.leclercdrive.fr/image.ashx?id=2344984&use=l&cat=p&typeid=i","cat":325347},{"id":79901,"n":"Top Coat gel express Maybelline Longue Tenue séchage rapide","p":7.32,"img":"https://fd8-photos.leclercdrive.fr/image.ashx?id=2344987&use=l&cat=p&typeid=i","cat":325347},{"id":79902,"n":"Vernis à ongles Maybelline Tenue&Strong Séchage rapide","p":7.69,"img":"https://fd8-photos.leclercdrive.fr/image.ashx?id=2458730&use=l&cat=p&typeid=i","cat":325347},{"id":79904,"n":"Mascara waterproof Maybelline  Volum'Express noir","p":9.15,"img":"https://fd8-photos.leclercdrive.fr/image.ashx?id=2470285&use=l&cat=p&typeid=i","cat":287029},{"id":79909,"n":"Mascara Maybelline  Cils Sensational Intense Noir","p":9.7,"img":"https://fd8-photos.leclercdrive.fr/image.ashx?id=2278154&use=l&cat=p&typeid=i","cat":287029},{"id":79940,"n":"Bière blonde Grimbergen 6,7° - 50cl canette","p":1.95,"u":"3,90 €/L","img":"https://fd8-photos.leclercdrive.fr/image.ashx?id=2605458&use=l&cat=p&typeid=i","cat":334853},{"id":79960,"n":"Joker Le Fruit Jus de pomme - 1L","p":1.87,"u":"1,87 €/L","img":"https://fd8-photos.leclercdrive.fr/image.ashx?id=2846601&use=l&cat=p&typeid=i","cat":284522},{"id":79966,"n":"Joker Pur Jus Engagé Orange sans pulpe - 1,5L","p":8.62,"u":"5,75 €/L","img":"https://fd8-photos.leclercdrive.fr/image.ashx?id=3001290&use=l&cat=p&typeid=i","cat":284521},{"id":79967,"n":"Joker Pur Jus Engagé Orange  avec pulpe - 1,5L","p":4.49,"u":"2,99 €/L","img":"https://fd8-photos.leclercdrive.fr/image.ashx?id=3008140&use=l&cat=p&typeid=i","cat":284521},{"id":79971,"n":"Boisson Citronnade Pulco Citron - 1L","p":1.99,"u":"1,99 €/L","img":"https://fd8-photos.leclercdrive.fr/image.ashx?id=2942263&use=l&cat=p&typeid=i","cat":295018},{"id":79972,"n":"Soda rouge Orangina Orange Sanguine - 1,5L","p":2.15,"u":"1,43 €/L","img":"https://fd8-photos.leclercdrive.fr/image.ashx?id=2539833&use=l&cat=p&typeid=i","cat":284532},{"id":80009,"n":"Chocolat noir bio Ethiquable Equateur/Nicaragua 98% - 100g","p":3.57,"u":"35,70 €/KG","img":"https://fd8-photos.leclercdrive.fr/image.ashx?id=2870899&use=l&cat=p&typeid=i","cat":284956},{"id":80114,"n":"Lait bébé Les récoltes bio croissance Blédina 10 mois 6x1l","p":13.77,"u":"2,30 €/L","img":"https://fd8-photos.leclercdrive.fr/image.ashx?id=2605440&use=l&cat=p&typeid=i","cat":284728},{"id":80123,"n":"Cartouches d'encre Papermate Bleu - x30","p":2.41,"img":"https://fd8-photos.leclercdrive.fr/image.ashx?id=2509607&use=l&cat=p&typeid=i","cat":284696},{"id":80128,"n":"Rosette de Lyon Saint-Azay 12 tranches - 100g","p":1.44,"u":"14,40 €/KG","img":"https://fd8-photos.leclercdrive.fr/image.ashx?id=2728264&use=l&cat=p&typeid=i","cat":316007},{"id":80149,"n":"Stylo roller FriXion Ball Pilot Mika - recharge - Vert","p":7.35,"img":"https://fd8-photos.leclercdrive.fr/image.ashx?id=1572263&use=l&cat=p&typeid=i","cat":284696},{"id":80160,"n":"Bloc notes cube jaune Post-it 76x76mm - x450 feuilles","p":4.19,"img":"https://fd8-photos.leclercdrive.fr/image.ashx?id=2612748&use=l&cat=p&typeid=i","cat":334133},{"id":80170,"n":"Pochettes A4 perforées Oxford  Lisse en polypropylène x50","p":2.7,"img":"https://fd8-photos.leclercdrive.fr/image.ashx?id=2896144&use=l&cat=p&typeid=i","cat":284745},{"id":80186,"n":"Rhum tradition Rivière du Mat Blanc - 40%vol - 70cl","p":13.25,"u":"18,93 €/L","img":"https://fd8-photos.leclercdrive.fr/image.ashx?id=2616117&use=l&cat=p&typeid=i","cat":284550},{"id":80204,"n":"Noix de cajou Vico 170g","p":5.52,"u":"32,47 €/KG","img":"https://fd8-photos.leclercdrive.fr/image.ashx?id=2601091&use=l&cat=p&typeid=i","cat":284448},{"id":80302,"n":"Eau minérale naturelle Volvic 6x1,5L","p":3.04,"u":"0,34 €/L","img":"https://fd8-photos.leclercdrive.fr/image.ashx?id=2730244&use=l&cat=p&typeid=i","cat":284535},{"id":80346,"n":"yaourt aux fruits bifidus activia cerise - 4x125g","p":1.89,"u":"3,78 €/KG","img":"https://fd8-photos.leclercdrive.fr/image.ashx?id=2885327&use=l&cat=p&typeid=i","cat":315000},{"id":80352,"n":"Cannelloni Côté Table  - 400g","p":2.07,"u":"5,18 €/KG","img":"https://fd8-photos.leclercdrive.fr/image.ashx?id=2977900&use=l&cat=p&typeid=i","cat":284442},{"id":80380,"n":"Tablette De Chocolat Poulain Noir Extra - 200g","p":2.29,"u":"11,45 €/KG","img":"https://fd8-photos.leclercdrive.fr/image.ashx?id=2890262&use=l&cat=p&typeid=i","cat":284956},{"id":80382,"n":"Tablette De Chocolat Poulain Noir Extra - 2x100g","p":2.44,"u":"12,20 €/KG","img":"https://fd8-photos.leclercdrive.fr/image.ashx?id=2867566&use=l&cat=p&typeid=i","cat":284956},{"id":80383,"n":"Tablette KINDER Chocolat Chocolat au Lait x12 - 150g","p":2.84,"u":"18,93 €/KG","img":"https://fd8-photos.leclercdrive.fr/image.ashx?id=1904474&use=l&cat=p&typeid=i","cat":284498},{"id":80385,"n":"Barres Chocolatées KINDER BUENO  Chocolat au Lait x5 - 215g","p":3.72,"u":"17,30 €/KG","img":"https://fd8-photos.leclercdrive.fr/image.ashx?id=2679621&use=l&cat=p&typeid=i","cat":284498},{"id":80386,"n":"Barres KINDER BUENO White  Chocolat Blanc x6 - 234g","p":4.2,"u":"17,95 €/KG","img":"https://fd8-photos.leclercdrive.fr/image.ashx?id=2679639&use=l&cat=p&typeid=i","cat":284498},{"id":80391,"n":"Mascara L'Oréal Paris  Lash Paradise Noir","p":17.75,"img":"https://fd8-photos.leclercdrive.fr/image.ashx?id=2580158&use=l&cat=p&typeid=i","cat":287029},{"id":80506,"n":"Bière bio Bio Village Blonde - 6x25cl","p":4.99,"u":"3,33 €/L","img":"https://fd8-photos.leclercdrive.fr/image.ashx?id=2900668&use=l&cat=p&typeid=i","cat":334873},{"id":80630,"n":"Purée de tomates Bio Village Bio  - 72cl","p":1.54,"u":"2,14 €/L","img":"https://fd8-photos.leclercdrive.fr/image.ashx?id=2077475&use=l&cat=p&typeid=i","cat":288384},{"id":80633,"n":"Whisky Glen Grant + Etui 10 ans - 40%vol - 70cl","p":28.65,"u":"40,93 €/L","img":"https://fd8-photos.leclercdrive.fr/image.ashx?id=2578894&use=l&cat=p&typeid=i","cat":284547},{"id":80664,"n":"Pur Jus multifruit Tropicana Réveil fruité - 1L","p":2.73,"u":"2,73 €/L","img":"https://fd8-photos.leclercdrive.fr/image.ashx?id=2605644&use=l&cat=p&typeid=i","cat":284917},{"id":80685,"n":"Gorgonzola AOP Eccellenza Galbani 28%MG - 150g","p":2.97,"u":"19,80 €/KG","img":"https://fd8-photos.leclercdrive.fr/image.ashx?id=2215854&use=l&cat=p&typeid=i","cat":314032},{"id":80838,"n":"Compote Cool Fruits bio Vitabio Pomme Fraise Myrtille - 12x90g","p":9.89,"u":"9,16 €/KG","img":"https://fd8-photos.leclercdrive.fr/image.ashx?id=2682267&use=l&cat=p&typeid=i","cat":284508},{"id":80840,"n":"Bouillon Cube Maggi Pot au feu - Dégraissé - 120g","p":1.59,"u":"13,25 €/KG","img":"https://fd8-photos.leclercdrive.fr/image.ashx?id=2212327&use=l&cat=p&typeid=i","cat":288379},{"id":80841,"n":"Bouillon Cube Maggi Volaille - Degraissé - 120g","p":1.61,"u":"13,42 €/KG","img":"https://fd8-photos.leclercdrive.fr/image.ashx?id=2737087&use=l&cat=p&typeid=i","cat":288379},{"id":80842,"n":"Bouillon Cube Maggi Dégraissé - 120g","p":1.65,"u":"13,75 €/KG","img":"https://fd8-photos.leclercdrive.fr/image.ashx?id=2737090&use=l&cat=p&typeid=i","cat":288379},{"id":80853,"n":"Fonds d'artichauts Géant Vert - 210g","p":2.65,"u":"12,62 €/KG","img":"https://fd8-photos.leclercdrive.fr/image.ashx?id=2840563&use=l&cat=p&typeid=i","cat":312611},{"id":80859,"n":"Hop-La Banana Goliath Jeu de société - Dès 4 ans","p":21.99,"img":"https://fd8-photos.leclercdrive.fr/image.ashx?id=2360245&use=l&cat=p&typeid=i","cat":334378},{"id":80927,"n":"Fromage chèvre chaud Soignon Nature - 21% MG - 4x25g","p":1.94,"u":"19,40 €/KG","img":"https://fd8-photos.leclercdrive.fr/image.ashx?id=2844951&use=l&cat=p&typeid=i","cat":314027},{"id":81038,"n":"Rummikub Chiffres Dès 7 ans","p":39.99,"img":"https://fd8-photos.leclercdrive.fr/image.ashx?id=1726244&use=l&cat=p&typeid=i","cat":334378},{"id":81094,"n":"Trivial Pursuit Famille Jeu de société - Dès 8 ans","p":37.99,"img":"https://fd8-photos.leclercdrive.fr/image.ashx?id=2660925&use=l&cat=p&typeid=i","cat":334378},{"id":81188,"n":"Flan aromatisé vanille Flanby nappé de caramel - 12x100g","p":2.59,"u":"2,16 €/KG","img":"https://fd8-photos.leclercdrive.fr/image.ashx?id=2744584&use=l&cat=p&typeid=i","cat":284420},{"id":81193,"n":"Compotes Douceur du Verger Pomme Châtaigne - 4x100g","p":1.46,"u":"3,65 €/KG","img":"https://fd8-photos.leclercdrive.fr/image.ashx?id=2389560&use=l&cat=p&typeid=i","cat":284416},{"id":81196,"n":"Flan aromatisé vanille Flanby nappé de caramel - 6x100g","p":1.71,"u":"2,85 €/KG","img":"https://fd8-photos.leclercdrive.fr/image.ashx?id=2483786&use=l&cat=p&typeid=i","cat":284420},{"id":81199,"n":"Yaourt La Laitière  Vanille - 8x125g","p":3.39,"u":"3,39 €/KG","img":"https://fd8-photos.leclercdrive.fr/image.ashx?id=2613981&use=l&cat=p&typeid=i","cat":286006},{"id":81217,"n":"Compote Cool Fruits bio Vitabio Pomme Pêche Abricot -12x90g","p":8.98,"u":"8,31 €/KG","img":"https://fd8-photos.leclercdrive.fr/image.ashx?id=2621423&use=l&cat=p&typeid=i","cat":284508},{"id":81222,"n":"Pizza La pizz Sodebo Chorizo - 470g","p":4.15,"u":"8,83 €/KG","img":"https://fd8-photos.leclercdrive.fr/image.ashx?id=2868389&use=l&cat=p&typeid=i","cat":333679},{"id":81234,"n":"Les carrés Good Goût Dès 8 mois - banane bio - 50g","p":2.79,"u":"55,80 €/KG","img":"https://fd8-photos.leclercdrive.fr/image.ashx?id=2640052&use=l&cat=p&typeid=i","cat":312227},{"id":81236,"n":"Fromage à tartiner Boursin Ail et fines herbes 10 portions","p":2.49,"u":"15,56 €/KG","img":"https://fd8-photos.leclercdrive.fr/image.ashx?id=2964682&use=l&cat=p&typeid=i","cat":314029},{"id":81241,"n":"Liqueur de menthe Get X Cold 37,9° - 70cl","p":19.76,"u":"282,29 €/KG","img":"https://fd8-photos.leclercdrive.fr/image.ashx?id=2679359&use=l&cat=p&typeid=i","cat":286032},{"id":81243,"n":"Bière blonde Heineken Sans alcool - 12x25cl","p":8.23,"u":"2,74 €/L","img":"https://fd8-photos.leclercdrive.fr/image.ashx?id=2795944&use=l&cat=p&typeid=i","cat":334877},{"id":81246,"n":"Bière blonde Pelforth 12x25cl","p":6.59,"u":"2,20 €/L","img":"https://fd8-photos.leclercdrive.fr/image.ashx?id=2645146&use=l&cat=p&typeid=i","cat":334873},{"id":81250,"n":"Bière blonde Grimbergen 6,7° - 20x25cl","p":15.25,"u":"3,05 €/L","img":"https://fd8-photos.leclercdrive.fr/image.ashx?id=2294791&use=l&cat=p&typeid=i","cat":334852},{"id":81255,"n":"Blère blonde Pelforth 6x25cl","p":4.29,"u":"2,86 €/L","img":"https://fd8-photos.leclercdrive.fr/image.ashx?id=2959025&use=l&cat=p&typeid=i","cat":334873},{"id":81268,"n":"Bière blonde Grimbergen 6,7° - 6x25cl","p":5.39,"u":"3,59 €/L","img":"https://fd8-photos.leclercdrive.fr/image.ashx?id=2294381&use=l&cat=p&typeid=i","cat":334852},{"id":81278,"n":"Vinaigre IGP Toscoro Balsamique de Modène - 50cl","p":2.22,"u":"4,44 €/L","img":"https://fd8-photos.leclercdrive.fr/image.ashx?id=2758150&use=l&cat=p&typeid=i","cat":289010},{"id":81280,"n":"Fromage La Vache qui rit Toastinette nature 10 tranches","p":1.69,"u":"8,45 €/KG","img":"https://fd8-photos.leclercdrive.fr/image.ashx?id=2342776&use=l&cat=p&typeid=i","cat":314028},{"id":81281,"n":"Fromage La Vache qui rit Toastinette cheddar 10 tranches","p":1.69,"u":"8,45 €/KG","img":"https://fd8-photos.leclercdrive.fr/image.ashx?id=2342773&use=l&cat=p&typeid=i","cat":314028},{"id":81285,"n":"Céréales bébé soir Blédiner 8m Légumes en poudre - 240g","p":1.93,"u":"8,04 €/KG","img":"https://fd8-photos.leclercdrive.fr/image.ashx?id=2192763&use=l&cat=p&typeid=i","cat":312239},{"id":81291,"n":"Bière sans alcool Tourtel Twist Citron Vert Menthe 0,0° -6x27cl","p":4.89,"u":"2,96 €/L","img":"https://fd8-photos.leclercdrive.fr/image.ashx?id=2896567&use=l&cat=p&typeid=i","cat":334877},{"id":81316,"n":"Tablette KINDER Chocolat Chocolat au Lait x24 - 300g","p":4.34,"u":"14,47 €/KG","img":"https://fd8-photos.leclercdrive.fr/image.ashx?id=2868167&use=l&cat=p&typeid=i","cat":284498},{"id":81318,"n":"Bonbons KINDER Schoko-Bons Chocolat au lait - 500G","p":7.95,"u":"15,90 €/KG","img":"https://fd8-photos.leclercdrive.fr/image.ashx?id=2402925&use=l&cat=p&typeid=i","cat":304238},{"id":81322,"n":"Huile de Tournesol Eco+ 3L","p":4.89,"u":"1,63 €/L","img":"https://fd8-photos.leclercdrive.fr/image.ashx?id=3002506&use=l&cat=p&typeid=i","cat":284453},{"id":81323,"n":"Huile d'olive Bio Carapelli Extra-vierge - 75cl","p":11.9,"u":"15,87 €/L","img":"https://fd8-photos.leclercdrive.fr/image.ashx?id=2737447&use=l&cat=p&typeid=i","cat":284453},{"id":81352,"n":"Dosettes Bio Village Bio Amérique latine  x36 - 252g","p":4.49,"u":"17,82 €/KG","img":"https://fd8-photos.leclercdrive.fr/image.ashx?id=3003070&use=l&cat=p&typeid=i","cat":293238},{"id":81354,"n":"Confiture Eco+ Abricot - 1kg","p":2.17,"u":"2,17 €/KG","img":"https://fd8-photos.leclercdrive.fr/image.ashx?id=2953194&use=l&cat=p&typeid=i","cat":284480},{"id":81371,"n":"Tartine de pain Pasquier Au blé complet - 240g","p":1.65,"u":"6,88 €/KG","img":"https://fd8-photos.leclercdrive.fr/image.ashx?id=2927339&use=l&cat=p&typeid=i","cat":284479},{"id":81374,"n":"Vodka Zubrowka Biala 37.5%vol - 1L","p":14.95,"pp":13.45,"u":"13,45 €/L","img":"https://fd8-photos.leclercdrive.fr/image.ashx?id=2955510&use=l&cat=p&typeid=i","cat":284550},{"id":81379,"n":"Jambon cru -25%  de Sel Aoste 6 tranches - 100g","p":4.05,"u":"40,50 €/KG","img":"https://fd8-photos.leclercdrive.fr/image.ashx?id=2359507&use=l&cat=p&typeid=i","cat":316007},{"id":81380,"n":"Chorizo tranché César Moroni Doux 20 tranches - 100g","p":2.25,"u":"22,50 €/KG","img":"https://fd8-photos.leclercdrive.fr/image.ashx?id=2948836&use=l&cat=p&typeid=i","cat":316007},{"id":81382,"n":"Pastis Ricard Plantes Fraiches Anisé 45% vol - 70cl","p":19.76,"u":"28,23 €/L","img":"https://fd8-photos.leclercdrive.fr/image.ashx?id=2870302&use=l&cat=p&typeid=i","cat":284548},{"id":81383,"n":"Rillettes du Mans La Véritable Bordeau Chesnel - 220g","p":2.25,"u":"10,23 €/KG","img":"https://fd8-photos.leclercdrive.fr/image.ashx?id=2763100&use=l&cat=p&typeid=i","cat":316008},{"id":81450,"n":"Bière Blonde Duvel 6x33cl","p":10.91,"u":"5,51 €/L","img":"https://fd8-photos.leclercdrive.fr/image.ashx?id=2314587&use=l&cat=p&typeid=i","cat":334872},{"id":81462,"n":"Fromage Apéritif Apérivrais  Ail et Fines Herbes - 100g","p":2.08,"u":"20,80 €/KG","img":"https://fd8-photos.leclercdrive.fr/image.ashx?id=2854612&use=l&cat=p&typeid=i","cat":314027},{"id":81547,"n":"Capsules Nescafé Dolce Gusto  Cappuccino - x8 - 186g","p":4.75,"u":"25,54 €/KG","img":"https://fd8-photos.leclercdrive.fr/image.ashx?id=2838809&use=l&cat=p&typeid=i","cat":293239},{"id":81548,"n":"Pain de mie Harrys 100% mie Nature Sans croûte Maxi - 650g","p":2.25,"u":"3,46 €/KG","img":"https://fd8-photos.leclercdrive.fr/image.ashx?id=2517468&use=l&cat=p&typeid=i","cat":284477},{"id":81549,"n":"Semoule au lait Bonne Maman Vanille Naturelle - 4x100g","p":1.77,"u":"17,70 €/KG","img":"https://fd8-photos.leclercdrive.fr/image.ashx?id=2924281&use=l&cat=p&typeid=i","cat":284418},{"id":81554,"n":"Riz au lait Bonne Maman Vanille Naturelle - 4x100g","p":2.37,"u":"5,93 €/KG","img":"https://fd8-photos.leclercdrive.fr/image.ashx?id=2619130&use=l&cat=p&typeid=i","cat":284418},{"id":81558,"n":"Pain de mie 100% Mie Harrys Nature petites tranches - 500g","p":1.75,"u":"3,50 €/KG","img":"https://fd8-photos.leclercdrive.fr/image.ashx?id=2517453&use=l&cat=p&typeid=i","cat":284477},{"id":81559,"n":"Yaourt Enfant Petits Filous Fruits Mixés Panaché - 12x50g","p":1.95,"u":"3,25 €/KG","img":"https://fd8-photos.leclercdrive.fr/image.ashx?id=2767359&use=l&cat=p&typeid=i","cat":284414},{"id":81562,"n":"AOP Champagne Canard-Duchêne Rosé - 12%vol - 75cl","p":26.34,"u":"35,12 €/L","img":"https://fd8-photos.leclercdrive.fr/image.ashx?id=2757262&use=l&cat=p&typeid=i","cat":284542},{"id":81563,"n":"AOP Champagne Canard Duchêne Demi Sec - 75cl","p":25.5,"u":"34,00 €/L","img":"https://fd8-photos.leclercdrive.fr/image.ashx?id=2757259&use=l&cat=p&typeid=i","cat":284542},{"id":81565,"n":"AOP Champagne Canard Duchêne Brut - 37.5cl","p":14.52,"u":"38,72 €/L","img":"https://fd8-photos.leclercdrive.fr/image.ashx?id=2104372&use=l&cat=p&typeid=i","cat":284542},{"id":81567,"n":"Biscuits Good Goût - 8 mois Bio - Mangue - 50g","p":2.92,"u":"58,40 €/KG","img":"https://fd8-photos.leclercdrive.fr/image.ashx?id=2762256&use=l&cat=p&typeid=i","cat":312227},{"id":81700,"n":"Compote bébé bio BabyBio Pomme châtaigne - 6 mois - 260g","p":2.81,"u":"10,81 €/KG","img":"https://fd8-photos.leclercdrive.fr/image.ashx?id=2838338&use=l&cat=p&typeid=i","cat":312388},{"id":81701,"n":"Repas bébé bio BabyBio 12 mois Patate douce Pintade - 230g","p":1.96,"u":"8,52 €/KG","img":"https://fd8-photos.leclercdrive.fr/image.ashx?id=2827410&use=l&cat=p&typeid=i","cat":312237},{"id":81702,"n":"Gourde bébé Babybio - 6 mois Bio Pomme / Framboise - 360g","p":3.03,"u":"8,42 €/KG","img":"https://fd8-photos.leclercdrive.fr/image.ashx?id=2827542&use=l&cat=p&typeid=i","cat":312393},{"id":81703,"n":"Gourde bébé Babybio - 6 mois Bio Orange / Banane - 360g","p":2.45,"u":"6,81 €/KG","img":"https://fd8-photos.leclercdrive.fr/image.ashx?id=2832017&use=l&cat=p&typeid=i","cat":312393},{"id":81735,"n":"Bière Blonde Delirium Tremens 33cl","p":2.16,"u":"6,55 €/L","img":"https://fd8-photos.leclercdrive.fr/image.ashx?id=2363111&use=l&cat=p&typeid=i","cat":334872},{"id":81781,"n":"Thé noir Bio Ethiquable  Earl grey Darjeeling x20 - 36g","p":2.05,"u":"56,94 €/KG","img":"https://fd8-photos.leclercdrive.fr/image.ashx?id=2870836&use=l&cat=p&typeid=i","cat":293233},{"id":81825,"n":"\"Saucisson Fuet ibérico AOSTE   150g","p":3.64,"u":"24,27 €/KG","img":"https://fd8-photos.leclercdrive.fr/image.ashx?id=2462110&use=l&cat=p&typeid=i","cat":316006},{"id":81861,"n":"Pain de mie 100% Mie Harrys Nature grandes tranches - 500g","p":1.89,"u":"3,78 €/KG","img":"https://fd8-photos.leclercdrive.fr/image.ashx?id=2517456&use=l&cat=p&typeid=i","cat":284477},{"id":81876,"n":"Galettes fines Céréal Bio Epinards et pignons Bio - 180g","p":3.23,"u":"17,94 €/KG","img":"https://fd8-photos.leclercdrive.fr/image.ashx?id=2421751&use=l&cat=p&typeid=i","cat":316036},{"id":81909,"n":"Café moulu Grand Mère Familial - 250g","p":3.5,"u":"14,00 €/KG","img":"https://fd8-photos.leclercdrive.fr/image.ashx?id=1755046&use=l&cat=p&typeid=i","cat":284750},{"id":81927,"n":"Rhum Blanc Agricole AOC Martinique 40° - 2 L","p":27.9,"u":"13,95 €/L","img":"https://fd8-photos.leclercdrive.fr/image.ashx?id=1558483&use=l&cat=p&typeid=i","cat":284550},{"id":81991,"n":"Courgettes rondelle Bio Village Bio - 600g","p":1.99,"u":"3,32 €/KG","img":"https://fd8-photos.leclercdrive.fr/image.ashx?id=2898089&use=l&cat=p&typeid=i","cat":319805},{"id":82004,"n":"Mozzarella mini Galbani 150g","p":2.49,"u":"16,60 €/KG","img":"https://fd8-photos.leclercdrive.fr/image.ashx?id=2766586&use=l&cat=p&typeid=i","cat":314026},{"id":82045,"n":"Delice de Poulet Isla Délice Halal Doré au four - 120g","p":2.79,"u":"23,25 €/KG","img":"https://fd8-photos.leclercdrive.fr/image.ashx?id=1989129&use=l&cat=p&typeid=i","cat":316010},{"id":82050,"n":"Cordons bleu de dinde halal 200g","p":2.09,"u":"10,45 €/KG","img":"https://fd8-photos.leclercdrive.fr/image.ashx?id=2733190&use=l&cat=p&typeid=i","cat":333683},{"id":82099,"n":"Steak haché Eco+ x10 - 1kg","p":8.74,"u":"8,74 €/KG","img":"https://fd8-photos.leclercdrive.fr/image.ashx?id=2966532&use=l&cat=p&typeid=i","cat":319778},{"id":82102,"n":"Lanières Trio de poivrons Bio Bio village - 600g","p":2.99,"u":"4,98 €/KG","img":"https://fd8-photos.leclercdrive.fr/image.ashx?id=2996024&use=l&cat=p&typeid=i","cat":319805},{"id":82127,"n":"Vin Italie rouge Chianti DOCG Piccini - 75cl","p":4.88,"u":"6,51 €/L","img":"https://fd8-photos.leclercdrive.fr/image.ashx?id=2794637&use=l&cat=p&typeid=i","cat":289556},{"id":82145,"n":"Bière blonde La G de Goudale 7.9%vol - 75cl","p":4.65,"u":"6,20 €/L","img":"https://fd8-photos.leclercdrive.fr/image.ashx?id=2861566&use=l&cat=p&typeid=i","cat":334872},{"id":82148,"n":"Lardons fumés Supérieur Eco+ 2x100g","p":1.34,"u":"6,70 €/KG","img":"https://fd8-photos.leclercdrive.fr/image.ashx?id=2998895&use=l&cat=p&typeid=i","cat":316011},{"id":82149,"n":"lardons supérieurs ECO+ Nature - 2x100g","p":1.34,"u":"6,70 €/KG","img":"https://fd8-photos.leclercdrive.fr/image.ashx?id=2968655&use=l&cat=p&typeid=i","cat":316011},{"id":82152,"n":"Compote Andros Abricot Morceaux - 4x100g","p":2.35,"u":"5,88 €/KG","img":"https://fd8-photos.leclercdrive.fr/image.ashx?id=2853566&use=l&cat=p&typeid=i","cat":284416},{"id":82157,"n":"Dessert fruitier pêche Andros En morceaux - 4x100g","p":1.83,"u":"4,58 €/KG","img":"https://fd8-photos.leclercdrive.fr/image.ashx?id=2845470&use=l&cat=p&typeid=i","cat":284416},{"id":82159,"n":"Compotes Andros Pomme/chataigne - 4x100g","p":1.7,"u":"4,25 €/KG","img":"https://fd8-photos.leclercdrive.fr/image.ashx?id=2937361&use=l&cat=p&typeid=i","cat":284416},{"id":82166,"n":"Compotes Andros Pomme Fraise - 4x100g","p":1.5,"u":"3,75 €/KG","img":"https://fd8-photos.leclercdrive.fr/image.ashx?id=2915572&use=l&cat=p&typeid=i","cat":284416},{"id":82167,"n":"Compotes Andros Pomme Banane - 4x100g","p":1.53,"u":"3,83 €/KG","img":"https://fd8-photos.leclercdrive.fr/image.ashx?id=2883997&use=l&cat=p&typeid=i","cat":284416},{"id":82172,"n":"Mini cônes Extrême  Vanille Caramel x8 - 312g","p":3.59,"u":"11,51 €/KG","img":"https://fd8-photos.leclercdrive.fr/image.ashx?id=2737033&use=l&cat=p&typeid=i","cat":284264},{"id":82174,"n":"Extrême  Citron Framboise - 6x71g","p":3.22,"u":"7,56 €/KG","img":"https://fd8-photos.leclercdrive.fr/image.ashx?id=2866076&use=l&cat=p&typeid=i","cat":284264},{"id":82181,"n":"Bière Mort Subite Kriek A la cerise - 33cl","p":1.37,"u":"4,15 €/L","img":"https://fd8-photos.leclercdrive.fr/image.ashx?id=2796414&use=l&cat=p&typeid=i","cat":334872},{"id":82184,"n":"Barres KINDER BUENO White  Chocolat Blanc x12 - 468g","p":10.15,"u":"21,69 €/KG","img":"https://fd8-photos.leclercdrive.fr/image.ashx?id=2679642&use=l&cat=p&typeid=i","cat":284498},{"id":82218,"n":"Emmental fromage rapé Les Croisés - 750g","p":5.98,"u":"7,97 €/KG","img":"https://fd8-photos.leclercdrive.fr/image.ashx?id=2900665&use=l&cat=p&typeid=i","cat":314035},{"id":82237,"n":"Rhum trois rivières Cuvée du  Moulin - 40%vol - 70cl","p":24.98,"u":"35,69 €/L","img":"https://fd8-photos.leclercdrive.fr/image.ashx?id=2844909&use=l&cat=p&typeid=i","cat":284550},{"id":82238,"n":"Arrangé Maison La Mauny Banane 30%vol. - 70cl","p":16.0,"u":"22,86 €/L","img":"https://fd8-photos.leclercdrive.fr/image.ashx?id=2956334&use=l&cat=p&typeid=i","cat":284551},{"id":82250,"n":"Thon au Naturel Petit Navire Démarche Responsable 140g","p":2.41,"u":"17,21 €/KG","img":"https://fd8-photos.leclercdrive.fr/image.ashx?id=2928360&use=l&cat=p&typeid=i","cat":303867},{"id":82251,"n":"Thon MSC Naturel Petit Navire Entier -  112g","p":3.35,"u":"29,91 €/KG","img":"https://fd8-photos.leclercdrive.fr/image.ashx?id=2928357&use=l&cat=p&typeid=i","cat":303867},{"id":82253,"n":"Biscuits Thé LU 350g","p":1.59,"u":"4,54 €/KG","img":"https://fd8-photos.leclercdrive.fr/image.ashx?id=2977738&use=l&cat=p&typeid=i","cat":284487},{"id":82264,"n":"Doonuts St Michel Pépites de chocolat - 180g","p":1.59,"u":"8,83 €/KG","img":"https://fd8-photos.leclercdrive.fr/image.ashx?id=1917782&use=l&cat=p&typeid=i","cat":284495},{"id":82265,"n":"Céréales Quaker Cruesli Chocolat - 450g","p":2.99,"u":"6,64 €/KG","img":"https://fd8-photos.leclercdrive.fr/image.ashx?id=2382791&use=l&cat=p&typeid=i","cat":309512},{"id":82267,"n":"Céréales Quaker Cruesli Chocolat au lait - 900g","p":5.49,"u":"6,10 €/KG","img":"https://fd8-photos.leclercdrive.fr/image.ashx?id=2212150&use=l&cat=p&typeid=i","cat":309512},{"id":82277,"n":"Sardines Parmentier Citron - 135g","p":2.17,"u":"16,07 €/KG","img":"https://fd8-photos.leclercdrive.fr/image.ashx?id=2522575&use=l&cat=p&typeid=i","cat":305146},{"id":82280,"n":"Sardines Parmentier Piment - 135g","p":1.84,"u":"13,63 €/KG","img":"https://fd8-photos.leclercdrive.fr/image.ashx?id=2988312&use=l&cat=p&typeid=i","cat":305146},{"id":82281,"n":"Boulettes de boeuf Eco+ x30 - 900g","p":6.95,"u":"7,72 €/KG","img":"https://fd8-photos.leclercdrive.fr/image.ashx?id=2966529&use=l&cat=p&typeid=i","cat":319779},{"id":82283,"n":"Bière ambrée corse Pietra 6° - 33cl","p":1.42,"u":"4,30 €/L","img":"https://fd8-photos.leclercdrive.fr/image.ashx?id=2929362&use=l&cat=p&typeid=i","cat":334872},{"id":82309,"n":"yaourt fruits bio les 2 vaches brassé poire - 4x115g","p":2.03,"u":"4,41 €/KG","img":"https://fd8-photos.leclercdrive.fr/image.ashx?id=2571527&use=l&cat=p&typeid=i","cat":284410},{"id":82350,"n":"Frites fines McCain Côté Comptoir - 650g","p":2.79,"u":"4,29 €/KG","img":"https://fd8-photos.leclercdrive.fr/image.ashx?id=2693887&use=l&cat=p&typeid=i","cat":319791},{"id":82353,"n":"Biscuits Oréo enrobé chocolat Au lait - 246g","p":2.79,"u":"11,34 €/KG","img":"https://fd8-photos.leclercdrive.fr/image.ashx?id=2908333&use=l&cat=p&typeid=i","cat":284488},{"id":82357,"n":"Biscuits Golden Oreo Vanille - 154g","p":1.55,"u":"10,06 €/KG","img":"https://fd8-photos.leclercdrive.fr/image.ashx?id=2347266&use=l&cat=p&typeid=i","cat":284488},{"id":82408,"n":"Rillettes de Thon Saupiquet Au piment - 115g","p":3.09,"u":"26,87 €/KG","img":"https://fd8-photos.leclercdrive.fr/image.ashx?id=2799395&use=l&cat=p&typeid=i","cat":303867},{"id":82433,"n":"Cordons Bleus Côté Croc Poulet x4 - 400g","p":3.14,"u":"7,85 €/KG","img":"https://fd8-photos.leclercdrive.fr/image.ashx?id=2801052&use=l&cat=p&typeid=i","cat":333683},{"id":82520,"n":"Fromage Croque emmental Président - 12 tranches - 200g","p":1.79,"u":"8,95 €/KG","img":"https://fd8-photos.leclercdrive.fr/image.ashx?id=2446356&use=l&cat=p&typeid=i","cat":314028},{"id":82522,"n":"Tranches Chaussée aux Moines  - 8 Tranches - 150g","p":3.46,"u":"23,07 €/KG","img":"https://fd8-photos.leclercdrive.fr/image.ashx?id=2884381&use=l&cat=p&typeid=i","cat":314028},{"id":82575,"n":"Bière ambrée La Goudale 7.2%vol - 6x25cl","p":5.59,"u":"3,73 €/L","img":"https://fd8-photos.leclercdrive.fr/image.ashx?id=2915521&use=l&cat=p&typeid=i","cat":334852},{"id":82663,"n":"Arrangé Rivière du Mât Banane Vanillé - 70cl - 35%vol","p":17.8,"u":"25,43 €/L","img":"https://fd8-photos.leclercdrive.fr/image.ashx?id=2731300&use=l&cat=p&typeid=i","cat":284551},{"id":82664,"n":"Arrangé Rivière du Mât Coco Torréfiée - 35%vol - 70cl","p":17.89,"u":"25,56 €/L","img":"https://fd8-photos.leclercdrive.fr/image.ashx?id=3002045&use=l&cat=p&typeid=i","cat":284551},{"id":82667,"n":"Yaourt aux fruits bifidus Activia poire - 4x125g","p":1.89,"u":"3,78 €/KG","img":"https://fd8-photos.leclercdrive.fr/image.ashx?id=2885330&use=l&cat=p&typeid=i","cat":315000},{"id":82669,"n":"Yaourt aux fruits bifidus Activia mangue - 4x125g","p":1.81,"u":"3,62 €/KG","img":"https://fd8-photos.leclercdrive.fr/image.ashx?id=2886642&use=l&cat=p&typeid=i","cat":315000},{"id":82677,"n":"yaourt aux fruits bifidus activia fraise - 4x125g","p":1.9,"u":"3,80 €/KG","img":"https://fd8-photos.leclercdrive.fr/image.ashx?id=2886627&use=l&cat=p&typeid=i","cat":315000},{"id":82688,"n":"Brandade de Morue Tipiak 1.050kg","p":6.59,"u":"6,28 €/KG","img":"https://fd8-photos.leclercdrive.fr/image.ashx?id=2944023&use=l&cat=p&typeid=i","cat":284254},{"id":82717,"n":"Arrangé Rivière du Mât Ananas Caramélisé 35% vol 70cl","p":18.45,"u":"26,36 €/L","img":"https://fd8-photos.leclercdrive.fr/image.ashx?id=2731297&use=l&cat=p&typeid=i","cat":284551},{"id":82720,"n":"Rhum Gold Rivière du Mât Traditionnel - 70cl - 40%vol","p":11.2,"u":"16,00 €/L","img":"https://fd8-photos.leclercdrive.fr/image.ashx?id=2680972&use=l&cat=p&typeid=i","cat":284550},{"id":82739,"n":"Poisson pané Croustibat Findus Petit trésor MSC - x15 - 450g","p":3.44,"u":"7,64 €/KG","img":"https://fd8-photos.leclercdrive.fr/image.ashx?id=3008758&use=l&cat=p&typeid=i","cat":319788},{"id":82741,"n":"Poisson pané Findus Colin  Alaska Fish and Chips x13- 364g","p":2.9,"u":"7,97 €/KG","img":"https://fd8-photos.leclercdrive.fr/image.ashx?id=3008761&use=l&cat=p&typeid=i","cat":319788},{"id":82745,"n":"Couches Activ+ Mots d'enfants  Taille 5 : 11/25kg - x35","p":12.99,"u":"0,37 €/P","img":"https://fd8-photos.leclercdrive.fr/image.ashx?id=2922424&use=l&cat=p&typeid=i","cat":284737},{"id":82748,"n":"Couches Activ+ Mots d'enfants  Taille 4+ 9/20kg - x37 changes","p":12.99,"u":"0,35 €/P","img":"https://fd8-photos.leclercdrive.fr/image.ashx?id=2934742&use=l&cat=p&typeid=i","cat":284737},{"id":82924,"n":"Bière Heineken 6x33cl","p":5.19,"u":"2,62 €/L","img":"https://fd8-photos.leclercdrive.fr/image.ashx?id=3008113&use=l&cat=p&typeid=i","cat":334853},{"id":83117,"n":"Bière blonde Affligem Triple D'abbaye - 6x25cl","p":5.29,"u":"3,53 €/L","img":"https://fd8-photos.leclercdrive.fr/image.ashx?id=2959889&use=l&cat=p&typeid=i","cat":334852},{"id":83120,"n":"Bière brune Pelforth 12x25cl","p":8.59,"u":"2,86 €/L","img":"https://fd8-photos.leclercdrive.fr/image.ashx?id=2646182&use=l&cat=p&typeid=i","cat":334852},{"id":83132,"n":"Boisson lactée Tous mes amis pour chats - 3x200ml","p":2.13,"u":"3,55 €/L","img":"https://fd8-photos.leclercdrive.fr/image.ashx?id=1944634&use=l&cat=p&typeid=i","cat":285285},{"id":83240,"n":"Bière Brune Pelforth 6x25cl","p":5.39,"u":"3,59 €/L","img":"https://fd8-photos.leclercdrive.fr/image.ashx?id=2655880&use=l&cat=p&typeid=i","cat":334852},{"id":83303,"n":"Happy Cola Haribo Sachet bonbons - 300g","p":1.48,"u":"4,93 €/KG","img":"https://fd8-photos.leclercdrive.fr/image.ashx?id=2806087&use=l&cat=p&typeid=i","cat":304250},{"id":83350,"n":"Bonbons Haribo Moam Happy fruttis - 200g","p":1.26,"u":"6,30 €/KG","img":"https://fd8-photos.leclercdrive.fr/image.ashx?id=2984916&use=l&cat=p&typeid=i","cat":304250},{"id":83382,"n":"Coeurs d'Artichauts Florelli A la paysanne - 280g","p":3.08,"u":"11,00 €/KG","img":"https://fd8-photos.leclercdrive.fr/image.ashx?id=2594533&use=l&cat=p&typeid=i","cat":289010},{"id":83474,"n":"Sauce pour pâtes Florelli Asperges tomates parmesan -190g","p":1.83,"u":"9,63 €/KG","img":"https://fd8-photos.leclercdrive.fr/image.ashx?id=3011665&use=l&cat=p&typeid=i","cat":289010},{"id":83476,"n":"Tapenade d'Olives vertes Les Tartinables Florelli 190g","p":1.85,"u":"9,74 €/KG","img":"https://fd8-photos.leclercdrive.fr/image.ashx?id=2904347&use=l&cat=p&typeid=i","cat":289010},{"id":83697,"n":"Vin d'Espagne blanc Sauvignon Bernard Cordelier - 75 cl","p":1.75,"u":"2,33 €/L","img":"https://fd8-photos.leclercdrive.fr/image.ashx?id=2886528&use=l&cat=p&typeid=i","cat":289557},{"id":83698,"n":"IGP Pays d'Oc Grenache vin rosé Vieux Carion 12.5% vol - 75cl","p":2.25,"u":"3,00 €/L","img":"https://fd8-photos.leclercdrive.fr/image.ashx?id=2722823&use=l&cat=p&typeid=i","cat":289558},{"id":83707,"n":"Amandes Seeberger 200g","p":5.49,"u":"27,45 €/KG","img":"https://fd8-photos.leclercdrive.fr/image.ashx?id=2950594&use=l&cat=p&typeid=i","cat":284448},{"id":83710,"n":"Noix de cajou Seeberger Grillées - 150g","p":5.04,"u":"33,60 €/KG","img":"https://fd8-photos.leclercdrive.fr/image.ashx?id=2950609&use=l&cat=p&typeid=i","cat":316002},{"id":83787,"n":"Dessert Lacté P'TIT BRASSE BIO Poire Banane 6M+ - 4x90g","p":1.61,"u":"4,47 €/KG","img":"https://fd8-photos.leclercdrive.fr/image.ashx?id=2670866&use=l&cat=p&typeid=i","cat":312392},{"id":83790,"n":"Desserts Lactés P'TIT BRASSE BIO Pomme Pêche 6M+ - 4x90g","p":1.61,"u":"4,47 €/KG","img":"https://fd8-photos.leclercdrive.fr/image.ashx?id=2670863&use=l&cat=p&typeid=i","cat":312392},{"id":83820,"n":"Chips Pom'Lisse  Saveur Chèvre miel - 135g","p":1.35,"u":"10,00 €/KG","img":"https://fd8-photos.leclercdrive.fr/image.ashx?id=2654474&use=l&cat=p&typeid=i","cat":284447},{"id":83935,"n":"Thon mariné au piment d\"espelette Petit Navire - 110g","p":1.88,"u":"17,09 €/KG","img":"https://fd8-photos.leclercdrive.fr/image.ashx?id=2682863&use=l&cat=p&typeid=i","cat":303867},{"id":83947,"n":"Vin d'Espagne vin rouge Bernard Cordelier - 75cl","p":1.75,"u":"2,33 €/L","img":"https://fd8-photos.leclercdrive.fr/image.ashx?id=2760789&use=l&cat=p&typeid=i","cat":289556},{"id":83955,"n":"AOP Languedoc Vin Rosé Mythique - BIB de 3L","p":13.73,"u":"4,58 €/L","img":"https://fd8-photos.leclercdrive.fr/image.ashx?id=1756816&use=l&cat=p&typeid=i","cat":289560},{"id":83972,"n":"AOC Languedoc rouge Mythique - 75cl - 14%","p":4.27,"u":"5,69 €/L","img":"https://fd8-photos.leclercdrive.fr/image.ashx?id=1763634&use=l&cat=p&typeid=i","cat":289556},{"id":83974,"n":"IGP  Pays d'Hérault vin rosé Bernard Cordelier - 75cl","p":1.99,"u":"2,65 €/L","img":"https://fd8-photos.leclercdrive.fr/image.ashx?id=2891908&use=l&cat=p&typeid=i","cat":289558},{"id":83979,"n":"Vin de l'Union Européenne Vieux Papes 12.5%vol - 75cl","p":2.98,"u":"3,97 €/L","img":"https://fd8-photos.leclercdrive.fr/image.ashx?id=2093388&use=l&cat=p&typeid=i","cat":289556},{"id":83981,"n":"IGP Ardèche gris rosé - 5L","p":14.2,"u":"2,84 €/L","img":"https://fd8-photos.leclercdrive.fr/image.ashx?id=2527919&use=l&cat=p&typeid=i","cat":289560},{"id":83988,"n":"IGP Pays d'Oc rosé Merlot Les Ormes de Cambras 12% BIB 5L","p":14.03,"u":"2,81 €/L","img":"https://fd8-photos.leclercdrive.fr/image.ashx?id=1587084&use=l&cat=p&typeid=i","cat":289560},{"id":84014,"n":"AOP Bordeaux vin blanc Bernard Cordelier - 75 cl","p":2.99,"u":"3,99 €/L","img":"https://fd8-photos.leclercdrive.fr/image.ashx?id=2776561&use=l&cat=p&typeid=i","cat":289557},{"id":84017,"n":"AOC Corbères vin rouge Bernard Cordelier - 75 cl","p":1.99,"u":"2,65 €/L","img":"https://fd8-photos.leclercdrive.fr/image.ashx?id=2747607&use=l&cat=p&typeid=i","cat":289556},{"id":84020,"n":"IGP  Pays d'Hérault vin rouge Bernard Cordelier - 75cl","p":1.85,"u":"2,47 €/L","img":"https://fd8-photos.leclercdrive.fr/image.ashx?id=2843863&use=l&cat=p&typeid=i","cat":289556},{"id":84028,"n":"IGP Méditerranée rosé Les Calandières 12% vol BIB 3L","p":14.75,"u":"4,92 €/L","img":"https://fd8-photos.leclercdrive.fr/image.ashx?id=2997766&use=l&cat=p&typeid=i","cat":289560},{"id":84031,"n":"Maca-ginseng-gimgembre  Tonifiant sexuel - 40 comprimés","p":3.41,"u":"0,09 €/P","img":"https://fd8-photos.leclercdrive.fr/image.ashx?id=2773376&use=l&cat=p&typeid=i","cat":313217},{"id":84037,"n":"Vigne rouge cassis Juvamine Cure longue - 90 comprimés","p":11.69,"img":"https://fd8-photos.leclercdrive.fr/image.ashx?id=2331586&use=l&cat=p&typeid=i","cat":313217},{"id":84088,"n":"Café moulu Ethiquable Bolivie Bio - 250g","p":7.31,"u":"29,24 €/KG","img":"https://fd8-photos.leclercdrive.fr/image.ashx?id=2876833&use=l&cat=p&typeid=i","cat":284750},{"id":84152,"n":"Pain pour Panini La Boulangère x4 - 300g","p":1.75,"u":"5,83 €/KG","img":"https://fd8-photos.leclercdrive.fr/image.ashx?id=2937457&use=l&cat=p&typeid=i","cat":284985},{"id":84154,"n":"Bonbons VICHY Menthe 230g","p":1.25,"u":"5,43 €/KG","img":"https://fd8-photos.leclercdrive.fr/image.ashx?id=2806342&use=l&cat=p&typeid=i","cat":304252},{"id":84155,"n":"Michoko La pie qui chante 280g","p":3.19,"u":"11,39 €/KG","img":"https://fd8-photos.leclercdrive.fr/image.ashx?id=2862560&use=l&cat=p&typeid=i","cat":284499},{"id":84158,"n":"Bonbons CARAMBAR Fruits Assortiment - 320g","p":1.71,"u":"5,34 €/KG","img":"https://fd8-photos.leclercdrive.fr/image.ashx?id=2964499&use=l&cat=p&typeid=i","cat":304250},{"id":84159,"n":"Bonbons CARAMBAR Family Assortiment - 450g","p":2.5,"u":"5,56 €/KG","img":"https://fd8-photos.leclercdrive.fr/image.ashx?id=2903446&use=l&cat=p&typeid=i","cat":304250},{"id":84160,"n":"Bonbons CARAMBAR Caramel 320g","p":1.71,"u":"5,34 €/KG","img":"https://fd8-photos.leclercdrive.fr/image.ashx?id=2770124&use=l&cat=p&typeid=i","cat":304250},{"id":84161,"n":"Bonbons LA PIE QUI CHANTE Michoko Noir - 280g","p":2.89,"u":"10,32 €/KG","img":"https://fd8-photos.leclercdrive.fr/image.ashx?id=2817842&use=l&cat=p&typeid=i","cat":304250},{"id":84163,"n":"Break P'tit Déli 135g","p":1.33,"u":"9,85 €/KG","img":"https://fd8-photos.leclercdrive.fr/image.ashx?id=1419312&use=l&cat=p&typeid=i","cat":284488},{"id":84186,"n":"Lait bébé en poudre Bio Guigoz 2ème âge - 6-12 mois - 800g","p":19.12,"u":"23,90 €/KG","img":"https://fd8-photos.leclercdrive.fr/image.ashx?id=2740286&use=l&cat=p&typeid=i","cat":284727},{"id":84188,"n":"Lait bébé en poudre Bio Guigoz 1er âge - 0-6 mois - 800g","p":20.05,"u":"25,06 €/KG","img":"https://fd8-photos.leclercdrive.fr/image.ashx?id=3000438&use=l&cat=p&typeid=i","cat":284726},{"id":84212,"n":"Compote Cool Fruits bio Vitabio Pomme Passion - 12x90g","p":8.4,"u":"7,78 €/KG","img":"https://fd8-photos.leclercdrive.fr/image.ashx?id=2621405&use=l&cat=p&typeid=i","cat":284508},{"id":84221,"n":"Cartouche encre Multipack Epson Paquerette x4 - 15.1ml","p":58.3,"u":"Dont 0,02 € d'éco-part.","img":"https://fd8-photos.leclercdrive.fr/image.ashx?id=1713717&use=l&cat=p&typeid=i","cat":316445},{"id":84224,"n":"Cartouche Encre Epson Black 18 - 1 pièce","p":14.0,"u":"Dont 0,01 € d'éco-part.","img":"https://fd8-photos.leclercdrive.fr/image.ashx?id=1881392&use=l&cat=p&typeid=i","cat":316445},{"id":84247,"n":"Dentifrice Dentavie Bio Haleine fraiche - 75ml","p":3.66,"u":"48,80 €/L","img":"https://fd8-photos.leclercdrive.fr/image.ashx?id=2575522&use=l&cat=p&typeid=i","cat":284612},{"id":84249,"n":"Crème Bio Hydratante Sobio Etic Aloe Vera - 100ml","p":7.2,"u":"72,00 €/L","img":"https://fd8-photos.leclercdrive.fr/image.ashx?id=2787074&use=l&cat=p&typeid=i","cat":325345},{"id":84253,"n":"Crème de Douche Bio Sobio Etic Peaux Sensibles Aloe Vera-650ml","p":6.59,"u":"10,14 €/L","img":"https://fd8-photos.leclercdrive.fr/image.ashx?id=2891577&use=l&cat=p&typeid=i","cat":284594},{"id":84385,"n":"Croc'Choc Lucien Georgelin Noisette - 375g","p":3.89,"u":"10,37 €/KG","img":"https://fd8-photos.leclercdrive.fr/image.ashx?id=2561811&use=l&cat=p&typeid=i","cat":309513},{"id":84386,"n":"Croc'Tou Choc Lucien Georgelin 375g - Lucien Georgelin","p":3.59,"u":"9,57 €/KG","img":"https://fd8-photos.leclercdrive.fr/image.ashx?id=2561808&use=l&cat=p&typeid=i","cat":309513},{"id":84410,"n":"Pop corn Movie goût sucré Le seau de 700g","p":6.29,"u":"8,99 €/KG","img":"https://fd8-photos.leclercdrive.fr/image.ashx?id=1793625&use=l&cat=p&typeid=i","cat":284357},{"id":84437,"n":"Yaourt à boire Mini Yop Aromatisé Framboise - 8x100g","p":2.2,"u":"2,75 €/KG","img":"https://fd8-photos.leclercdrive.fr/image.ashx?id=2320000&use=l&cat=p&typeid=i","cat":284415},{"id":84441,"n":"Trio saucissons Cévennes  Nos Régions ont du Talent 345g","p":6.84,"u":"19,83 €/KG","img":"https://fd8-photos.leclercdrive.fr/image.ashx?id=2776301&use=l&cat=p&typeid=i","cat":316006},{"id":84458,"n":"Crème glacée L'Angélys Artisanale Chocolat noir - 450g","p":5.11,"u":"11,36 €/KG","img":"https://fd8-photos.leclercdrive.fr/image.ashx?id=2963571&use=l&cat=p&typeid=i","cat":284263},{"id":84486,"n":"Mousse forestière Supérieure Médaille d'or CGA 2017 - 170g","p":2.69,"u":"15,82 €/KG","img":"https://fd8-photos.leclercdrive.fr/image.ashx?id=2989261&use=l&cat=p&typeid=i","cat":316008},{"id":84513,"n":"Déodorant à bille Nivéa Black&White - 2x50ml","p":4.07,"u":"40,70 €/L","img":"https://fd8-photos.leclercdrive.fr/image.ashx?id=2315482&use=l&cat=p&typeid=i","cat":284595},{"id":84774,"n":"Préparation brownie Nestlé Au chocolat - 405g","p":4.13,"u":"10,20 €/KG","img":"https://fd8-photos.leclercdrive.fr/image.ashx?id=2849259&use=l&cat=p&typeid=i","cat":284505},{"id":84780,"n":"Cuisse de poulet Le Gaulois 1kg","p":6.95,"u":"6,95 €/KG","img":"https://fd8-photos.leclercdrive.fr/image.ashx?id=2732767&use=l&cat=p&typeid=i","cat":284336},{"id":84782,"n":"Cuisse de poulet Blanc Le Gaulois - 1kg","p":6.41,"u":"6,41 €/KG","img":"https://fd8-photos.leclercdrive.fr/image.ashx?id=2732764&use=l&cat=p&typeid=i","cat":284336},{"id":84784,"n":"Filet de poulet Le Gaulois x2 - 300g","p":4.99,"u":"16,63 €/KG","img":"https://fd8-photos.leclercdrive.fr/image.ashx?id=2732761&use=l&cat=p&typeid=i","cat":284336},{"id":84786,"n":"Pilons de poulet jaune Le Gaulois - 360g","p":2.73,"u":"7,58 €/KG","img":"https://fd8-photos.leclercdrive.fr/image.ashx?id=2732755&use=l&cat=p&typeid=i","cat":284336},{"id":84789,"n":"Filet de poulet blanc Le Gaulois x2 - 300g","p":4.99,"u":"16,63 €/KG","img":"https://fd8-photos.leclercdrive.fr/image.ashx?id=2633989&use=l&cat=p&typeid=i","cat":284336},{"id":84790,"n":"Cuisse de poulet blanc Le Gaulois - 500g","p":4.42,"u":"8,84 €/KG","img":"https://fd8-photos.leclercdrive.fr/image.ashx?id=2732752&use=l&cat=p&typeid=i","cat":284336},{"id":84791,"n":"Cuisse de poulet jaune Le Gaulois - x2 - 500g","p":3.39,"u":"6,78 €/KG","img":"https://fd8-photos.leclercdrive.fr/image.ashx?id=2732749&use=l&cat=p&typeid=i","cat":284336},{"id":84794,"n":"Coton Lotus Baby Peau nette - x85","p":3.09,"u":"0,04 €/P","img":"https://fd8-photos.leclercdrive.fr/image.ashx?id=2981355&use=l&cat=p&typeid=i","cat":284739},{"id":84819,"n":"Cerneaux de noix Seeberger 150g","p":5.85,"u":"39,00 €/KG","img":"https://fd8-photos.leclercdrive.fr/image.ashx?id=2950615&use=l&cat=p&typeid=i","cat":284357},{"id":84820,"n":"Minis sandwich Daunat jambon/emmental - 130g","p":1.85,"u":"14,23 €/KG","img":"https://fd8-photos.leclercdrive.fr/image.ashx?id=2951812&use=l&cat=p&typeid=i","cat":333658},{"id":85022,"n":"Shampooing Naturé Moi Extra-doux - 250ml","p":2.35,"u":"9,40 €/L","img":"https://fd8-photos.leclercdrive.fr/image.ashx?id=2740673&use=l&cat=p&typeid=i","cat":284606},{"id":85049,"n":"Poires Panier du Primeur Mûre à point Filière x4","p":3.49,"u":"0,87 €/P","img":"https://fd8-photos.leclercdrive.fr/image.ashx?id=2955038&use=l&cat=p&typeid=i","cat":284356},{"id":85051,"n":"Endives Panier du Primeur x5","p":2.49,"u":"0,50 €/P","img":"https://fd8-photos.leclercdrive.fr/image.ashx?id=2655607&use=l&cat=p&typeid=i","cat":284352},{"id":85052,"n":"Croquettes petit chien Ultima  Nature Poulet - 1,25kg","p":5.07,"u":"4,06 €/KG","img":"https://fd8-photos.leclercdrive.fr/image.ashx?id=2593164&use=l&cat=p&typeid=i","cat":294526},{"id":85083,"n":"Bande Mercurochrome Découpe facile - 1m x 6cm","p":4.65,"u":"232,50 €/KG","img":"https://fd8-photos.leclercdrive.fr/image.ashx?id=1740296&use=l&cat=p&typeid=i","cat":284630},{"id":85106,"n":"Mayonnaise American Style Heinz  - 395g","p":2.82,"u":"7,14 €/KG","img":"https://fd8-photos.leclercdrive.fr/image.ashx?id=2927059&use=l&cat=p&typeid=i","cat":298295},{"id":85194,"n":"Tartine briochée Heudebert 320g","p":3.35,"u":"10,47 €/KG","img":"https://fd8-photos.leclercdrive.fr/image.ashx?id=2346663&use=l&cat=p&typeid=i","cat":284479},{"id":85206,"n":"Génoises fourrées Pim's LU Fraise des bois - 150g","p":1.79,"u":"11,93 €/KG","img":"https://fd8-photos.leclercdrive.fr/image.ashx?id=3002204&use=l&cat=p&typeid=i","cat":284489},{"id":85278,"n":"Barres Têtes Brûlées Fraise/pomme - 200g","p":1.6,"u":"8,00 €/KG","img":"https://fd8-photos.leclercdrive.fr/image.ashx?id=2917882&use=l&cat=p&typeid=i","cat":304250},{"id":85389,"n":"Chocolat noir Bio Alter Eco  fruits de la passion - 100g","p":2.55,"u":"25,50 €/KG","img":"https://fd8-photos.leclercdrive.fr/image.ashx?id=2921894&use=l&cat=p&typeid=i","cat":284956},{"id":85445,"n":"Serpillères jetables St Marc  Anti-Bactériennes - x20","p":2.29,"u":"0,11 €/P","img":"https://fd8-photos.leclercdrive.fr/image.ashx?id=2228552&use=l&cat=p&typeid=i","cat":325358},{"id":85532,"n":"Tenders de Poulet Père Dodu  Aiguillettes - 380g","p":4.95,"u":"13,03 €/KG","img":"https://fd8-photos.leclercdrive.fr/image.ashx?id=2957200&use=l&cat=p&typeid=i","cat":333684},{"id":85666,"n":"IGP Ardeche rosé Pont d'Arc 12.5% vol - BIB 5L","p":13.59,"u":"2,72 €/L","img":"https://fd8-photos.leclercdrive.fr/image.ashx?id=2527922&use=l&cat=p&typeid=i","cat":289560},{"id":85683,"n":"Bière blonde Leffe 6,6% - 6x33cl","p":7.91,"u":"3,99 €/L","img":"https://fd8-photos.leclercdrive.fr/image.ashx?id=2833966&use=l&cat=p&typeid=i","cat":334852},{"id":85735,"n":"Soda au cola Pepsi Zéro sucres La bouteille de 2L","p":1.52,"u":"0,76 €/L","img":"https://fd8-photos.leclercdrive.fr/image.ashx?id=2682297&use=l&cat=p&typeid=i","cat":284530},{"id":85745,"n":"Batonnets Surimi Coraya x30 - 450g","p":4.26,"u":"9,47 €/KG","img":"https://fd8-photos.leclercdrive.fr/image.ashx?id=2962683&use=l&cat=p&typeid=i","cat":285189},{"id":85993,"n":"Bière blanche ninkasi 75cl","p":5.09,"u":"6,79 €/L","img":"https://fd8-photos.leclercdrive.fr/image.ashx?id=2458778&use=l&cat=p&typeid=i","cat":334872},{"id":85994,"n":"Bière blonde Ninkasi 75cl","p":5.25,"u":"7,00 €/L","img":"https://fd8-photos.leclercdrive.fr/image.ashx?id=2458781&use=l&cat=p&typeid=i","cat":334872},{"id":85995,"n":"Bière triple Ninkasi 75cl","p":5.99,"u":"7,99 €/L","img":"https://fd8-photos.leclercdrive.fr/image.ashx?id=2458784&use=l&cat=p&typeid=i","cat":334872},{"id":85998,"n":"Sauce Curry Mango Heinz - 225g","p":2.09,"u":"9,29 €/KG","img":"https://fd8-photos.leclercdrive.fr/image.ashx?id=2927050&use=l&cat=p&typeid=i","cat":318431},{"id":86020,"n":"Champagne Alfred Rothschild Brut - 75cl","p":33.99,"u":"45,32 €/L","img":"https://fd8-photos.leclercdrive.fr/image.ashx?id=2628473&use=l&cat=p&typeid=i","cat":284542},{"id":86071,"n":"AOP Prosecco Perlino Extra Dry - 75cl","p":6.85,"u":"9,13 €/L","img":"https://fd8-photos.leclercdrive.fr/image.ashx?id=2612778&use=l&cat=p&typeid=i","cat":289461},{"id":86138,"n":"Lait entier \"Marguerite\" 1L","p":1.89,"u":"1,89 €/L","img":"https://fd8-photos.leclercdrive.fr/image.ashx?id=2870458&use=l&cat=p&typeid=i","cat":285610},{"id":86208,"n":"Pâte à tartiner Nutella 1kg","p":6.62,"u":"6,62 €/KG","img":"https://fd8-photos.leclercdrive.fr/image.ashx?id=2935648&use=l&cat=p&typeid=i","cat":284481},{"id":86375,"n":"Rochers Suchard  Lait - 7x35g","p":4.23,"u":"17,27 €/KG","img":"https://fd8-photos.leclercdrive.fr/image.ashx?id=2950372&use=l&cat=p&typeid=i","cat":284499},{"id":86376,"n":"Rochers Suchard Noir - 7x35g","p":4.23,"u":"17,27 €/KG","img":"https://fd8-photos.leclercdrive.fr/image.ashx?id=2950375&use=l&cat=p&typeid=i","cat":284499},{"id":86395,"n":"Brioche tranchée Pasquier Familiale - 650g","p":2.21,"u":"3,40 €/KG","img":"https://fd8-photos.leclercdrive.fr/image.ashx?id=2850949&use=l&cat=p&typeid=i","cat":284478},{"id":86403,"n":"Capsules café L'Or Espresso Delizioso N°5 x10","p":3.28,"u":"63,08 €/KG","img":"https://fd8-photos.leclercdrive.fr/image.ashx?id=3000462&use=l&cat=p&typeid=i","cat":284749},{"id":86411,"n":"Biscuit bio Bjorg Avoine pépites chocolat - 130g","p":2.85,"u":"21,92 €/KG","img":"https://fd8-photos.leclercdrive.fr/image.ashx?id=2999985&use=l&cat=p&typeid=i","cat":325066},{"id":86416,"n":"Confiture bio Bio Village Fruits rouges - 370g","p":2.79,"u":"7,54 €/KG","img":"https://fd8-photos.leclercdrive.fr/image.ashx?id=2965638&use=l&cat=p&typeid=i","cat":284480},{"id":86417,"n":"Barquettes Bio Village Fraise bio - 120g","p":1.99,"u":"16,58 €/KG","img":"https://fd8-photos.leclercdrive.fr/image.ashx?id=2907476&use=l&cat=p&typeid=i","cat":284489},{"id":86438,"n":"Dentifrice Integral 8 Signal Nature Elements Coco 75ml","p":1.78,"u":"23,73 €/L","img":"https://fd8-photos.leclercdrive.fr/image.ashx?id=2974659&use=l&cat=p&typeid=i","cat":284612},{"id":86448,"n":"Désinfectant protection Sanytol Salle de bain - 500ml","p":3.19,"u":"6,38 €/L","img":"https://fd8-photos.leclercdrive.fr/image.ashx?id=2848620&use=l&cat=p&typeid=i","cat":325357},{"id":86451,"n":"Lessive gel Génie Lavage main - 200ml","p":1.59,"u":"7,95 €/L","img":"https://fd8-photos.leclercdrive.fr/image.ashx?id=2664142&use=l&cat=p&typeid=i","cat":284643},{"id":86470,"n":"Bonbons KREMA Festival Assortiment - 360g","p":1.79,"u":"4,97 €/KG","img":"https://fd8-photos.leclercdrive.fr/image.ashx?id=2817875&use=l&cat=p&typeid=i","cat":304250},{"id":86482,"n":"Bonbons KREMA Régal'ad Assortiment Fruits - 360g","p":2.36,"u":"6,56 €/KG","img":"https://fd8-photos.leclercdrive.fr/image.ashx?id=2855295&use=l&cat=p&typeid=i","cat":304250},{"id":86483,"n":"Bonbons La pie qui chante Menthe claire - 360g","p":2.49,"u":"6,92 €/KG","img":"https://fd8-photos.leclercdrive.fr/image.ashx?id=2817869&use=l&cat=p&typeid=i","cat":304252},{"id":86488,"n":"Bonbons La pie qui chante Stoptou à la réglisse - 450g","p":3.43,"u":"7,62 €/KG","img":"https://fd8-photos.leclercdrive.fr/image.ashx?id=2817872&use=l&cat=p&typeid=i","cat":304250},{"id":86570,"n":"Chewing gum Malabar Tutti Frutti - 214g","p":2.55,"u":"11,92 €/KG","img":"https://fd8-photos.leclercdrive.fr/image.ashx?id=2817848&use=l&cat=p&typeid=i","cat":304251},{"id":86586,"n":"Pain de mie Harrys Nature extra moelleux - 500g","p":1.35,"u":"2,70 €/KG","img":"https://fd8-photos.leclercdrive.fr/image.ashx?id=2660730&use=l&cat=p&typeid=i","cat":284477},{"id":86591,"n":"AOP Champagne Pommery Brut Royal étui- 75cl","p":35.95,"u":"47,93 €/L","img":"https://fd8-photos.leclercdrive.fr/image.ashx?id=2791500&use=l&cat=p&typeid=i","cat":284542},{"id":86656,"n":"Bouillon cubes légumes Knorr Méditerranéens x12- 132g","p":1.05,"u":"7,95 €/KG","img":"https://fd8-photos.leclercdrive.fr/image.ashx?id=2940636&use=l&cat=p&typeid=i","cat":288379},{"id":86658,"n":"Thé vert Twinings Simplement pur - x25 - 37g","p":2.69,"u":"72,70 €/KG","img":"https://fd8-photos.leclercdrive.fr/image.ashx?id=2893015&use=l&cat=p&typeid=i","cat":293233},{"id":86665,"n":"Dosettes café Senseo Grand Mère Classique x54","p":5.75,"u":"16,15 €/KG","img":"https://fd8-photos.leclercdrive.fr/image.ashx?id=2769837&use=l&cat=p&typeid=i","cat":293238},{"id":86669,"n":"Huile vierge Bio village  Sésame grillé bio - 25cl","p":2.67,"u":"10,68 €/L","img":"https://fd8-photos.leclercdrive.fr/image.ashx?id=3005715&use=l&cat=p&typeid=i","cat":284453},{"id":86724,"n":"Huile d'olive Bio Village Bio Vierge extra fruité - 75 cl","p":7.99,"u":"10,65 €/L","img":"https://fd8-photos.leclercdrive.fr/image.ashx?id=3005712&use=l&cat=p&typeid=i","cat":284453},{"id":86725,"n":"Poudre de cacao bio Bio Village 500g - 32% de cacao","p":3.95,"u":"7,90 €/KG","img":"https://fd8-photos.leclercdrive.fr/image.ashx?id=2441516&use=l&cat=p&typeid=i","cat":293235},{"id":86732,"n":"Chips Barbecue Pom'lisse Maxi format - 270g","p":1.81,"u":"6,70 €/KG","img":"https://fd8-photos.leclercdrive.fr/image.ashx?id=2710837&use=l&cat=p&typeid=i","cat":284447},{"id":86734,"n":"Cookies P'tit Déli Triple chocolat - 200g","p":1.44,"u":"7,20 €/KG","img":"https://fd8-photos.leclercdrive.fr/image.ashx?id=2529608&use=l&cat=p&typeid=i","cat":325066},{"id":86738,"n":"Croquants des cordes NRT 90g","p":3.55,"u":"39,44 €/KG","img":"https://fd8-photos.leclercdrive.fr/image.ashx?id=2622341&use=l&cat=p&typeid=i","cat":284487},{"id":86743,"n":"IGP Côtes de Gascogne blanc  Vieux Carion - 12% vol 75 cl","p":2.79,"u":"3,72 €/L","img":"https://fd8-photos.leclercdrive.fr/image.ashx?id=2872724&use=l&cat=p&typeid=i","cat":289557},{"id":86747,"n":"Sacs de congélation Elembal Curseur moyen - x15","p":1.99,"u":"0,13 €/P","img":"https://fd8-photos.leclercdrive.fr/image.ashx?id=2511120&use=l&cat=p&typeid=i","cat":334134},{"id":86748,"n":"Adoucissant Hyperdou Lingettes Rêve de fraîcheur - x20","p":1.71,"u":"0,09 €/P","img":"https://fd8-photos.leclercdrive.fr/image.ashx?id=2489203&use=l&cat=p&typeid=i","cat":325302},{"id":86757,"n":"Tranches d'emmental Bio Village Bio - 200g - 31% MG","p":3.19,"u":"15,95 €/KG","img":"https://fd8-photos.leclercdrive.fr/image.ashx?id=2641413&use=l&cat=p&typeid=i","cat":314028},{"id":86779,"n":"Colin d'Alaska Pêche Océan Beurre citron - MSC - 400g","p":3.39,"u":"8,48 €/KG","img":"https://fd8-photos.leclercdrive.fr/image.ashx?id=2930126&use=l&cat=p&typeid=i","cat":319786},{"id":86788,"n":"Tartinable thon Fromage frais MSC Ronde des mers - 140g","p":1.99,"u":"14,21 €/KG","img":"https://fd8-photos.leclercdrive.fr/image.ashx?id=2823084&use=l&cat=p&typeid=i","cat":285191},{"id":86885,"n":"Pralin Vahiné 200g","p":3.75,"u":"18,75 €/KG","img":"https://fd8-photos.leclercdrive.fr/image.ashx?id=2524320&use=l&cat=p&typeid=i","cat":284504},{"id":86905,"n":"Bière blonde 1664 5,5° - 12x33cl canettes","p":10.85,"u":"2,74 €/L","img":"https://fd8-photos.leclercdrive.fr/image.ashx?id=2246617&use=l&cat=p&typeid=i","cat":334853},{"id":86907,"n":"Lait en poudre Modilac Bébé : 2ème âge - 820g","p":15.99,"u":"19,50 €/KG","img":"https://fd8-photos.leclercdrive.fr/image.ashx?id=2873393&use=l&cat=p&typeid=i","cat":284727},{"id":86909,"n":"Lait en poudre Modilac Doucéa Bébé 0-6mois - 820g","p":19.94,"u":"24,32 €/KG","img":"https://fd8-photos.leclercdrive.fr/image.ashx?id=2997031&use=l&cat=p&typeid=i","cat":284726},{"id":86916,"n":"Lames de rasoir Carré Homme 2 lames - x10","p":1.29,"u":"0,13 €/P","img":"https://fd8-photos.leclercdrive.fr/image.ashx?id=2591721&use=l&cat=p&typeid=i","cat":284616},{"id":86940,"n":"Emmental fromage râpé bio Bio village - 400g","p":4.45,"u":"11,13 €/KG","img":"https://fd8-photos.leclercdrive.fr/image.ashx?id=2501688&use=l&cat=p&typeid=i","cat":314035},{"id":86947,"n":"Parmesan rapé AOP 30% MG Bio Bio village - 50g","p":1.66,"u":"33,20 €/KG","img":"https://fd8-photos.leclercdrive.fr/image.ashx?id=2887422&use=l&cat=p&typeid=i","cat":314035},{"id":86957,"n":"Lentilles blondes Notre Jardin 500g","p":2.64,"u":"5,28 €/KG","img":"https://fd8-photos.leclercdrive.fr/image.ashx?id=2096455&use=l&cat=p&typeid=i","cat":284430},{"id":86975,"n":"Céréales et Lentilles Ebly Sachets cuisson 10min - 3x100g","p":3.04,"u":"10,13 €/KG","img":"https://fd8-photos.leclercdrive.fr/image.ashx?id=2286269&use=l&cat=p&typeid=i","cat":284429},{"id":86986,"n":"Sachet fraicheur chat Sheba Thon saumon en gelée - 6x50g","p":2.45,"u":"8,17 €/KG","img":"https://fd8-photos.leclercdrive.fr/image.ashx?id=2850162&use=l&cat=p&typeid=i","cat":285286},{"id":87001,"n":"Petits Pois Notre Jardin 600g","p":1.69,"u":"2,82 €/KG","img":"https://fd8-photos.leclercdrive.fr/image.ashx?id=2873156&use=l&cat=p&typeid=i","cat":319805},{"id":87007,"n":"Bâtonnets à mâcher Dentalife Extra mini x23 - 207g","p":2.92,"u":"14,11 €/KG","img":"https://fd8-photos.leclercdrive.fr/image.ashx?id=2963970&use=l&cat=p&typeid=i","cat":294527},{"id":87024,"n":"Smoothie innocent énergie boogie ruby 750ml","p":2.84,"u":"3,79 €/L","img":"https://fd8-photos.leclercdrive.fr/image.ashx?id=2187631&use=l&cat=p&typeid=i","cat":285435},{"id":87026,"n":"Smoothie innocent antioxydant green 750ml","p":2.84,"u":"3,79 €/L","img":"https://fd8-photos.leclercdrive.fr/image.ashx?id=2860049&use=l&cat=p&typeid=i","cat":285435},{"id":87061,"n":"Boisson gourmande PAGO ACE Orange carotte citron - 75cl","p":1.67,"u":"2,23 €/L","img":"https://fd8-photos.leclercdrive.fr/image.ashx?id=2861237&use=l&cat=p&typeid=i","cat":284916},{"id":87066,"n":"Yaourts aux fruits Délisse  Saveur d'Asie - 8x125g","p":2.59,"u":"2,59 €/KG","img":"https://fd8-photos.leclercdrive.fr/image.ashx?id=2955884&use=l&cat=p&typeid=i","cat":284410},{"id":87067,"n":"Yaourt à boire P'tit max  Délisse Fraise - 6x180g","p":2.03,"u":"1,88 €/KG","img":"https://fd8-photos.leclercdrive.fr/image.ashx?id=2762510&use=l&cat=p&typeid=i","cat":284415},{"id":87074,"n":"Nappe Damassée Homeside Grise - 7m","p":2.96,"img":"https://fd8-photos.leclercdrive.fr/image.ashx?id=1659750&use=l&cat=p&typeid=i","cat":334134},{"id":87078,"n":"Serviettes en papier Homeside Aqua - 33x33cm - 3 plis","p":1.99,"img":"https://fd8-photos.leclercdrive.fr/image.ashx?id=1659729&use=l&cat=p&typeid=i","cat":334134},{"id":87081,"n":"Serviettes en papier Homeside Rouge - 33x33cm - x50","p":1.99,"img":"https://fd8-photos.leclercdrive.fr/image.ashx?id=1659723&use=l&cat=p&typeid=i","cat":334134},{"id":87082,"n":"Serviettes en papier Homeside x30 - 38x38cm - point à point","p":1.7,"img":"https://fd8-photos.leclercdrive.fr/image.ashx?id=1659696&use=l&cat=p&typeid=i","cat":334134},{"id":87083,"n":"Rhum premium Bacardi Reserva  Ocho 8 ans d'âge 40° - 70cl","p":31.69,"u":"45,27 €/L","img":"https://fd8-photos.leclercdrive.fr/image.ashx?id=2848373&use=l&cat=p&typeid=i","cat":284550},{"id":87089,"n":"Pavé Gourmand Garden Gourmet Epinards et Fromage 180g","p":2.55,"u":"14,17 €/KG","img":"https://fd8-photos.leclercdrive.fr/image.ashx?id=2971389&use=l&cat=p&typeid=i","cat":316036},{"id":87090,"n":"Burrata di Bufala Casa Azzurra 200g","p":5.19,"u":"25,95 €/KG","img":"https://fd8-photos.leclercdrive.fr/image.ashx?id=1950711&use=l&cat=p&typeid=i","cat":314026},{"id":87091,"n":"St Jacques Marie Fondue de poireaux riz - 280g","p":3.99,"u":"14,25 €/KG","img":"https://fd8-photos.leclercdrive.fr/image.ashx?id=2317531&use=l&cat=p&typeid=i","cat":333665},{"id":87093,"n":"Eau coiffante Vitanove 150ml","p":1.99,"u":"13,27 €/L","img":"https://fd8-photos.leclercdrive.fr/image.ashx?id=2496419&use=l&cat=p&typeid=i","cat":284609},{"id":87100,"n":"Gel lavant Manava Purifiant mandarine - 300ml","p":1.25,"u":"4,17 €/L","img":"https://fd8-photos.leclercdrive.fr/image.ashx?id=2935519&use=l&cat=p&typeid=i","cat":284597},{"id":87348,"n":"IGP Pays d'Oc rosé Merlot Grand Sud 12.5% vol - 5L","p":15.98,"u":"3,20 €/L","img":"https://fd8-photos.leclercdrive.fr/image.ashx?id=2837454&use=l&cat=p&typeid=i","cat":289558},{"id":87375,"n":"Serviettes Doulys Ultra mince Nuit + large - x9","p":2.2,"u":"0,24 €/P","img":"https://fd8-photos.leclercdrive.fr/image.ashx?id=2839927&use=l&cat=p&typeid=i","cat":284624},{"id":87377,"n":"Shampooing douceur L'Arbre Vert 250ml","p":1.83,"u":"7,32 €/L","img":"https://fd8-photos.leclercdrive.fr/image.ashx?id=2886118&use=l&cat=p&typeid=i","cat":284606},{"id":87440,"n":"Cahier Koverbook Clairefontaine Incolore - 21x29.7cm - 96p","p":2.95,"img":"https://fd8-photos.leclercdrive.fr/image.ashx?id=2313723&use=l&cat=p&typeid=i","cat":284697},{"id":87457,"n":"Lames Wilkinson Hydro 5 céramide - Lot 2x4","p":18.66,"u":"2,33 €/P","img":"https://fd8-photos.leclercdrive.fr/image.ashx?id=2024426&use=l&cat=p&typeid=i","cat":284616},{"id":87472,"n":"Cahier reliure Clairefontaine Bleu - 21x29.7cm - 160 p","p":9.71,"img":"https://fd8-photos.leclercdrive.fr/image.ashx?id=2132334&use=l&cat=p&typeid=i","cat":284697},{"id":87474,"n":"Cahier reliure Clairefontaine Rouge - 21x29.7cm - 160 p","p":9.71,"img":"https://fd8-photos.leclercdrive.fr/image.ashx?id=1780496&use=l&cat=p&typeid=i","cat":284697},{"id":87701,"n":"Carrés feuilletés Croustipate x4 - 240g","p":1.59,"u":"6,63 €/KG","img":"https://fd8-photos.leclercdrive.fr/image.ashx?id=2875069&use=l&cat=p&typeid=i","cat":333681},{"id":87742,"n":"Yaourt bifidus Activia vanille - 16x125g","p":4.51,"u":"2,26 €/KG","img":"https://fd8-photos.leclercdrive.fr/image.ashx?id=2741757&use=l&cat=p&typeid=i","cat":315000},{"id":87746,"n":"Yaourt bifidus Activia Citron - 16x125g","p":4.51,"u":"2,26 €/KG","img":"https://fd8-photos.leclercdrive.fr/image.ashx?id=2741781&use=l&cat=p&typeid=i","cat":315000},{"id":87747,"n":"Yaourts natures brassés bifidus Activia - 16x125g","p":4.51,"u":"2,26 €/KG","img":"https://fd8-photos.leclercdrive.fr/image.ashx?id=2741790&use=l&cat=p&typeid=i","cat":315000},{"id":87748,"n":"Yaourts natures 0%mg bifidus Activia - 16x125g","p":4.51,"u":"2,26 €/KG","img":"https://fd8-photos.leclercdrive.fr/image.ashx?id=2741793&use=l&cat=p&typeid=i","cat":315000},{"id":87784,"n":"Fiches bristol Exacompta 4 coloris - 14.8x21cm - x100","p":5.85,"u":"0,06 €/P","img":"https://fd8-photos.leclercdrive.fr/image.ashx?id=2795015&use=l&cat=p&typeid=i","cat":284697},{"id":87849,"n":"Boisson végétale Alpro lait de coco riz - 1l","p":2.19,"u":"2,19 €/L","img":"https://fd8-photos.leclercdrive.fr/image.ashx?id=2790243&use=l&cat=p&typeid=i","cat":316067},{"id":87894,"n":"Boisson énergisante Crazy Tiger Bouteille - 1L","p":2.19,"u":"2,19 €/L","img":"https://fd8-photos.leclercdrive.fr/image.ashx?id=2927555&use=l&cat=p&typeid=i","cat":284533},{"id":87923,"n":"Compotes  gourdes Pom'Potes Multivariétés - 12x90g","p":5.49,"u":"5,08 €/KG","img":"https://fd8-photos.leclercdrive.fr/image.ashx?id=3010942&use=l&cat=p&typeid=i","cat":284508},{"id":87924,"n":"Dosettes café Senseo Classique x40","p":6.97,"u":"25,16 €/KG","img":"https://fd8-photos.leclercdrive.fr/image.ashx?id=2876326&use=l&cat=p&typeid=i","cat":293238},{"id":87925,"n":"Dosettes café Senseo Corsé x40","p":6.79,"u":"24,51 €/KG","img":"https://fd8-photos.leclercdrive.fr/image.ashx?id=2393581&use=l&cat=p&typeid=i","cat":293238},{"id":87926,"n":"Dosettes café Senseo Doux x40","p":6.61,"u":"23,86 €/KG","img":"https://fd8-photos.leclercdrive.fr/image.ashx?id=2337567&use=l&cat=p&typeid=i","cat":293238},{"id":87927,"n":"Dosettes café Senseo Décaféiné x40","p":6.44,"u":"23,25 €/KG","img":"https://fd8-photos.leclercdrive.fr/image.ashx?id=2324921&use=l&cat=p&typeid=i","cat":293238},{"id":87929,"n":"Dosettes café Senseo Classique x54","p":7.95,"u":"21,20 €/KG","img":"https://fd8-photos.leclercdrive.fr/image.ashx?id=2391798&use=l&cat=p&typeid=i","cat":293238},{"id":87931,"n":"Dosettes café Senseo Doux x54","p":8.77,"u":"23,39 €/KG","img":"https://fd8-photos.leclercdrive.fr/image.ashx?id=2289951&use=l&cat=p&typeid=i","cat":293238},{"id":87949,"n":"Sirop La Maison Guiot Menthe glaciale - 70cl","p":2.48,"u":"3,54 €/L","img":"https://fd8-photos.leclercdrive.fr/image.ashx?id=2138473&use=l&cat=p&typeid=i","cat":295020},{"id":88031,"n":"Tomate cerise allongée Barquette 400g","p":2.0,"u":"5,00 €/KG","img":"https://fd8-photos.leclercdrive.fr/image.ashx?id=1700878&use=l&cat=p&typeid=i","cat":284352},{"id":88048,"n":"Compote Charles & Alice Pommes Bananes Vanille -4x100g","p":1.75,"u":"4,51 €/KG","img":"https://fd8-photos.leclercdrive.fr/image.ashx?id=2757698&use=l&cat=p&typeid=i","cat":284416},{"id":88053,"n":"Lasagne à la bolognaise Marie - 1 kg","p":5.05,"u":"5,05 €/KG","img":"https://fd8-photos.leclercdrive.fr/image.ashx?id=2993394&use=l&cat=p&typeid=i","cat":284254},{"id":88054,"n":"Fromage à tartiner Madame Loïk Fouetté Nat. Sel réduit - 150g","p":1.79,"u":"11,93 €/KG","img":"https://fd8-photos.leclercdrive.fr/image.ashx?id=2948018&use=l&cat=p&typeid=i","cat":314029},{"id":88062,"n":"Matière grasse Primevere Oméga 3 - 55% - 250g","p":1.7,"u":"6,80 €/KG","img":"https://fd8-photos.leclercdrive.fr/image.ashx?id=2928468&use=l&cat=p&typeid=i","cat":315229},{"id":88115,"n":"yaourt à boire danonino fraise banane abricot - 6x100g","p":2.95,"u":"4,92 €/KG","img":"https://fd8-photos.leclercdrive.fr/image.ashx?id=3003143&use=l&cat=p&typeid=i","cat":284415},{"id":88288,"n":"Effaceur réécriveur Bic Pointe fine - x12 effaceurs","p":4.76,"img":"https://fd8-photos.leclercdrive.fr/image.ashx?id=1866892&use=l&cat=p&typeid=i","cat":334133},{"id":88339,"n":"Purée de sésame Jardin Bio Tahini bio - 350g","p":6.79,"u":"19,40 €/KG","img":"https://fd8-photos.leclercdrive.fr/image.ashx?id=3000183&use=l&cat=p&typeid=i","cat":284481},{"id":88340,"n":"Berries Haribo Sachet bonbons - 200g","p":1.28,"u":"6,40 €/KG","img":"https://fd8-photos.leclercdrive.fr/image.ashx?id=2982411&use=l&cat=p&typeid=i","cat":304250},{"id":88344,"n":"Bonbons Regal'ad Krema 590g","p":3.35,"u":"5,68 €/KG","img":"https://fd8-photos.leclercdrive.fr/image.ashx?id=2806351&use=l&cat=p&typeid=i","cat":304250},{"id":88359,"n":"Bougies et chiffres Vahiné Plastique","p":2.29,"img":"https://fd8-photos.leclercdrive.fr/image.ashx?id=2402702&use=l&cat=p&typeid=i","cat":335913},{"id":88360,"n":"Saucisse Isla Délice Halal  Goût boeuf piquant - 500g","p":2.35,"u":"4,70 €/KG","img":"https://fd8-photos.leclercdrive.fr/image.ashx?id=2256107&use=l&cat=p&typeid=i","cat":316013},{"id":88361,"n":"Saucisse Isla Délice Halal Goût boeuf olive - 500g","p":2.39,"u":"4,78 €/KG","img":"https://fd8-photos.leclercdrive.fr/image.ashx?id=2264006&use=l&cat=p&typeid=i","cat":316013},{"id":88413,"n":"Beurre Allégé Elle&Vire Doux - 41% MG - 250g","p":2.25,"u":"9,00 €/KG","img":"https://fd8-photos.leclercdrive.fr/image.ashx?id=2969169&use=l&cat=p&typeid=i","cat":284379},{"id":88414,"n":"Boisson a base de thé Fresh Tea Thé vert saveur menthe 1L","p":0.96,"u":"0,96 €/L","img":"https://fd8-photos.leclercdrive.fr/image.ashx?id=3003058&use=l&cat=p&typeid=i","cat":295019},{"id":88417,"n":"Matière grasse St Hubert 51%MG-Sans huile de palme -500g","p":5.39,"u":"10,78 €/KG","img":"https://fd8-photos.leclercdrive.fr/image.ashx?id=2734117&use=l&cat=p&typeid=i","cat":315229},{"id":88429,"n":"Eau gazeuse San Pellegrino Minérale naturelle - 6x33cl","p":3.46,"u":"1,75 €/L","img":"https://fd8-photos.leclercdrive.fr/image.ashx?id=2459090&use=l&cat=p&typeid=i","cat":284536},{"id":88446,"n":"Fromage Le Rustique Tomme  Fruitée - 280g","p":4.29,"u":"15,32 €/KG","img":"https://fd8-photos.leclercdrive.fr/image.ashx?id=2921549&use=l&cat=p&typeid=i","cat":329184},{"id":88448,"n":"Fromage à Tartiner Carré Frais  Nature 0% - 8 Portions - 200g","p":2.55,"u":"12,75 €/KG","img":"https://fd8-photos.leclercdrive.fr/image.ashx?id=2868684&use=l&cat=p&typeid=i","cat":314029},{"id":88450,"n":"Escalope Cordon Bleu Père Dodu  Dinde x2 - 200g","p":2.79,"u":"13,95 €/KG","img":"https://fd8-photos.leclercdrive.fr/image.ashx?id=2957203&use=l&cat=p&typeid=i","cat":333683},{"id":88451,"n":"AOP Champagne Chanoine Frères Brut - 75cl","p":23.95,"u":"31,93 €/L","img":"https://fd8-photos.leclercdrive.fr/image.ashx?id=2673217&use=l&cat=p&typeid=i","cat":284542},{"id":88458,"n":"Fromage 0% Carré Frais Ails et fines herbes - 8x25g","p":2.69,"u":"13,45 €/KG","img":"https://fd8-photos.leclercdrive.fr/image.ashx?id=2870611&use=l&cat=p&typeid=i","cat":314029},{"id":88460,"n":"Fromage de Chèvre Chavroux  9 Portions - 162g","p":3.09,"u":"19,07 €/KG","img":"https://fd8-photos.leclercdrive.fr/image.ashx?id=2936689&use=l&cat=p&typeid=i","cat":314031},{"id":88461,"n":"Salami Danois  Saint-Azay x16 - 160g","p":1.58,"u":"9,88 €/KG","img":"https://fd8-photos.leclercdrive.fr/image.ashx?id=2708354&use=l&cat=p&typeid=i","cat":316007},{"id":88471,"n":"Protège slip Tena Long - x20","p":2.59,"u":"0,13 €/P","img":"https://fd8-photos.leclercdrive.fr/image.ashx?id=2428588&use=l&cat=p&typeid=i","cat":284628},{"id":88473,"n":"Serviettes Tena Lady Discreet normal - x24","p":6.19,"u":"0,26 €/P","img":"https://fd8-photos.leclercdrive.fr/image.ashx?id=2597238&use=l&cat=p&typeid=i","cat":284628},{"id":88495,"n":"Capsules Nescafé Dolce Gusto  Chococino - x16","p":5.06,"u":"0,32 €/P","img":"https://fd8-photos.leclercdrive.fr/image.ashx?id=2902355&use=l&cat=p&typeid=i","cat":293239},{"id":88542,"n":"Tomato Ketchup Allégé Heinz 50% sucre/sel en moins - 435g","p":2.45,"u":"5,63 €/KG","img":"https://fd8-photos.leclercdrive.fr/image.ashx?id=2973357&use=l&cat=p&typeid=i","cat":284455},{"id":88563,"n":"AOP Côtes du Rhône Vin rouge E. Guigal - 75cl","p":9.25,"u":"12,33 €/L","img":"https://fd8-photos.leclercdrive.fr/image.ashx?id=2555658&use=l&cat=p&typeid=i","cat":289556},{"id":88657,"n":"Dosettes à l'ancienne Folliet  x20 - 125g","p":3.7,"u":"29,60 €/KG","img":"https://fd8-photos.leclercdrive.fr/image.ashx?id=2616583&use=l&cat=p&typeid=i","cat":293238},{"id":88658,"n":"Capsules café Folliet A l'ancienne - x10 - 52g","p":4.04,"u":"77,69 €/KG","img":"https://fd8-photos.leclercdrive.fr/image.ashx?id=2617006&use=l&cat=p&typeid=i","cat":284749},{"id":88662,"n":"Yaourt bifidus Activia Vanille - 4x125g","p":1.65,"u":"3,30 €/KG","img":"https://fd8-photos.leclercdrive.fr/image.ashx?id=3006184&use=l&cat=p&typeid=i","cat":315000},{"id":88707,"n":"Endive bio Bio Village Sachet 400g","p":3.99,"u":"9,98 €/KG","img":"https://fd8-photos.leclercdrive.fr/image.ashx?id=2655619&use=l&cat=p&typeid=i","cat":284352},{"id":88738,"n":"Yaourt bifidus Activia citron vanille coco - 12x125g","p":4.85,"u":"3,23 €/KG","img":"https://fd8-photos.leclercdrive.fr/image.ashx?id=3003149&use=l&cat=p&typeid=i","cat":315000},{"id":88740,"n":"Yaourt bifidus Activia citron - 4x125g","p":1.65,"u":"3,30 €/KG","img":"https://fd8-photos.leclercdrive.fr/image.ashx?id=3006181&use=l&cat=p&typeid=i","cat":315000},{"id":88742,"n":"Yaourt bifidus Activia coco - 4x125g","p":1.69,"u":"3,38 €/KG","img":"https://fd8-photos.leclercdrive.fr/image.ashx?id=2886651&use=l&cat=p&typeid=i","cat":315000},{"id":88981,"n":"Tablette chocolat au lait Milka Caramel - 3x100g","p":4.17,"u":"13,90 €/KG","img":"https://fd8-photos.leclercdrive.fr/image.ashx?id=2617078&use=l&cat=p&typeid=i","cat":284497},{"id":88986,"n":"Barre Chocolat au Lait KitKat x6 barres - 249g","p":3.25,"u":"13,05 €/KG","img":"https://fd8-photos.leclercdrive.fr/image.ashx?id=2989426&use=l&cat=p&typeid=i","cat":284498},{"id":89008,"n":"Eponge tradition Spontex N4 - 9+3 offert","p":12.07,"u":"1,01 €/P","img":"https://fd8-photos.leclercdrive.fr/image.ashx?id=2015753&use=l&cat=p&typeid=i","cat":284667},{"id":89088,"n":"Boisson au Soja Alpro Goût vanille - 1L","p":2.4,"u":"2,40 €/L","img":"https://fd8-photos.leclercdrive.fr/image.ashx?id=2944383&use=l&cat=p&typeid=i","cat":316067},{"id":89089,"n":"Boisson végétale Alpro Soja sans sucres - 1L","p":1.71,"u":"1,71 €/L","img":"https://fd8-photos.leclercdrive.fr/image.ashx?id=2980082&use=l&cat=p&typeid=i","cat":316067},{"id":89090,"n":"Boisson végétale Alpro Soja - 1L","p":1.76,"u":"1,76 €/L","img":"https://fd8-photos.leclercdrive.fr/image.ashx?id=2977681&use=l&cat=p&typeid=i","cat":316067},{"id":89093,"n":"Boisson végétale Alpro avoine - 1l","p":2.2,"u":"2,20 €/L","img":"https://fd8-photos.leclercdrive.fr/image.ashx?id=2986852&use=l&cat=p&typeid=i","cat":316067},{"id":89094,"n":"Boisson végétale lait d'amande grillée sans sucre alpro - 1l","p":2.19,"u":"2,19 €/L","img":"https://fd8-photos.leclercdrive.fr/image.ashx?id=2985543&use=l&cat=p&typeid=i","cat":316067},{"id":89196,"n":"Eau gazeuse aromatisée Badoit Citron vert - 1L","p":1.17,"u":"1,17 €/L","img":"https://fd8-photos.leclercdrive.fr/image.ashx?id=2730658&use=l&cat=p&typeid=i","cat":284536},{"id":89197,"n":"Eau gazeuse aromatisée Badoit Pamplemousse citron - 1L","p":1.17,"u":"1,17 €/L","img":"https://fd8-photos.leclercdrive.fr/image.ashx?id=2730655&use=l&cat=p&typeid=i","cat":284536},{"id":89198,"n":"Eau gazeuse aromatisée Badoit Citron menthe - 1L","p":1.06,"u":"1,06 €/L","img":"https://fd8-photos.leclercdrive.fr/image.ashx?id=2730661&use=l&cat=p&typeid=i","cat":284536},{"id":89338,"n":"Soin anti-rides Inell Q10 Jour - 50ml","p":2.49,"u":"49,80 €/L","img":"https://fd8-photos.leclercdrive.fr/image.ashx?id=2822132&use=l&cat=p&typeid=i","cat":325345},{"id":89341,"n":"Gel lavant recharge Manava Antibactérien Mandarine - 250ml","p":0.54,"u":"2,16 €/L","img":"https://fd8-photos.leclercdrive.fr/image.ashx?id=2935522&use=l&cat=p&typeid=i","cat":284597},{"id":89344,"n":"Serviettes Normal Doulys Ultra mince - x28","p":2.42,"u":"0,09 €/P","img":"https://fd8-photos.leclercdrive.fr/image.ashx?id=2789143&use=l&cat=p&typeid=i","cat":284624},{"id":89345,"n":"Serviettes Super Doulys Ultra mince - x24","p":1.8,"u":"0,08 €/P","img":"https://fd8-photos.leclercdrive.fr/image.ashx?id=2839931&use=l&cat=p&typeid=i","cat":284624},{"id":89346,"n":"Serviettes Nuit Doulys Ultra mince - x20","p":2.55,"u":"0,13 €/P","img":"https://fd8-photos.leclercdrive.fr/image.ashx?id=2839935&use=l&cat=p&typeid=i","cat":284624},{"id":89424,"n":"Pesto vert Bio Village Bio - 185g","p":1.8,"u":"9,73 €/KG","img":"https://fd8-photos.leclercdrive.fr/image.ashx?id=1466304&use=l&cat=p&typeid=i","cat":287599},{"id":89483,"n":"Salade & Cie Sodebo Stockhlom Saumon Pâtes - 320g","p":4.59,"u":"14,34 €/KG","img":"https://fd8-photos.leclercdrive.fr/image.ashx?id=2795722&use=l&cat=p&typeid=i","cat":333657},{"id":89507,"n":"Xtrem Box Sodebo Radiatori à la Carbonara 400g","p":3.29,"u":"8,23 €/KG","img":"https://fd8-photos.leclercdrive.fr/image.ashx?id=2631588&use=l&cat=p&typeid=i","cat":334983},{"id":89515,"n":"Velouté de légumes Régal Soupe Instantané - 64g","p":1.35,"u":"21,09 €/KG","img":"https://fd8-photos.leclercdrive.fr/image.ashx?id=1886620&use=l&cat=p&typeid=i","cat":293527},{"id":89520,"n":"Mouliné 10 légumes Régal Soupe Instantané - 80g","p":1.39,"u":"17,38 €/KG","img":"https://fd8-photos.leclercdrive.fr/image.ashx?id=1886623&use=l&cat=p&typeid=i","cat":293527},{"id":89521,"n":"Crème de champignon Régal Soupe Instantané - 80g","p":1.19,"u":"14,88 €/KG","img":"https://fd8-photos.leclercdrive.fr/image.ashx?id=2071348&use=l&cat=p&typeid=i","cat":293527},{"id":89522,"n":"Barre bretonne Ker Cadélac 800g","p":3.79,"u":"4,74 €/KG","img":"https://fd8-photos.leclercdrive.fr/image.ashx?id=2956146&use=l&cat=p&typeid=i","cat":294776},{"id":89592,"n":"Elixir végétal  grande chartreuse 55%vol -10cl","p":13.35,"u":"133,50 €/L","img":"https://fd8-photos.leclercdrive.fr/image.ashx?id=1556749&use=l&cat=p&typeid=i","cat":286032},{"id":89660,"n":"Xtrem Box Sodebo Radiatori  4 Fromages - 400g","p":3.29,"u":"8,23 €/KG","img":"https://fd8-photos.leclercdrive.fr/image.ashx?id=2631591&use=l&cat=p&typeid=i","cat":334983},{"id":89686,"n":"Taboulé poulet rôti Bonduelle 500g","p":2.32,"u":"4,64 €/KG","img":"https://fd8-photos.leclercdrive.fr/image.ashx?id=2904694&use=l&cat=p&typeid=i","cat":333657},{"id":89867,"n":"Boisson Bjorg Avoine, calcium - Bio - 500ml","p":1.12,"u":"2,24 €/L","img":"https://fd8-photos.leclercdrive.fr/image.ashx?id=2973631&use=l&cat=p&typeid=i","cat":316067},{"id":89897,"n":"Boisson Végétale lait d'amande grillée bio - 1l","p":3.19,"u":"3,19 €/L","img":"https://fd8-photos.leclercdrive.fr/image.ashx?id=2912065&use=l&cat=p&typeid=i","cat":316067},{"id":89899,"n":"Crème Chantilly Isigny Vanille de Madagascar - 500g","p":5.15,"u":"10,30 €/KG","img":"https://fd8-photos.leclercdrive.fr/image.ashx?id=2913235&use=l&cat=p&typeid=i","cat":284382},{"id":89914,"n":"Bouillon Cube Maggi Légumes x18 - 180g","p":1.56,"u":"8,67 €/KG","img":"https://fd8-photos.leclercdrive.fr/image.ashx?id=2737039&use=l&cat=p&typeid=i","cat":288379},{"id":90039,"n":"Salade & Cie Sodebo Venezia Mozzarella Coppa Pâtes - 320g","p":4.19,"u":"13,09 €/KG","img":"https://fd8-photos.leclercdrive.fr/image.ashx?id=2745652&use=l&cat=p&typeid=i","cat":333657},{"id":90056,"n":"Quinotto Jardin Bio Bio légumes parmesan - 220g","p":2.06,"u":"9,36 €/KG","img":"https://fd8-photos.leclercdrive.fr/image.ashx?id=2535421&use=l&cat=p&typeid=i","cat":287600},{"id":90058,"n":"Ravioli Jardin Bio Bio chèvre ciboulette - 250g","p":2.06,"u":"8,24 €/KG","img":"https://fd8-photos.leclercdrive.fr/image.ashx?id=2534842&use=l&cat=p&typeid=i","cat":287600},{"id":90090,"n":"Gnocchi à poêler Lustucru Extra Fromage 500g","p":3.19,"u":"6,38 €/KG","img":"https://fd8-photos.leclercdrive.fr/image.ashx?id=2786171&use=l&cat=p&typeid=i","cat":333682},{"id":90091,"n":"Gaufre vergeoise Lotus Bakeries Coeur fondant 5x2 pièce - 310g","p":2.58,"u":"8,32 €/KG","img":"https://fd8-photos.leclercdrive.fr/image.ashx?id=2695887&use=l&cat=p&typeid=i","cat":294777},{"id":90119,"n":"Fromage Persillée Saint Agur  190g","p":3.69,"u":"19,42 €/KG","img":"https://fd8-photos.leclercdrive.fr/image.ashx?id=2981512&use=l&cat=p&typeid=i","cat":314032},{"id":90120,"n":"Crème Saint Agur  155g","p":2.63,"u":"16,97 €/KG","img":"https://fd8-photos.leclercdrive.fr/image.ashx?id=2760014&use=l&cat=p&typeid=i","cat":314029},{"id":90121,"n":"Fromage Caprice des Anges  Frais et Fondant - 200g","p":3.15,"u":"15,75 €/KG","img":"https://fd8-photos.leclercdrive.fr/image.ashx?id=2734837&use=l&cat=p&typeid=i","cat":314029},{"id":90122,"n":"Camembert Coeur de Lion 250g","p":1.99,"u":"7,96 €/KG","img":"https://fd8-photos.leclercdrive.fr/image.ashx?id=3008185&use=l&cat=p&typeid=i","cat":314033},{"id":90182,"n":"Savon Bionaïa Lait d'anesse - 100g","p":1.72,"u":"17,20 €/KG","img":"https://fd8-photos.leclercdrive.fr/image.ashx?id=2491047&use=l&cat=p&typeid=i","cat":284597},{"id":90188,"n":"Cremio Box Sodebo Poulet à l'Emmental - 280g","p":2.39,"u":"8,54 €/KG","img":"https://fd8-photos.leclercdrive.fr/image.ashx?id=2679068&use=l&cat=p&typeid=i","cat":334983},{"id":90481,"n":"Eau infusée Bio Volvic  Hibiscus litchti passion - 75cl","p":1.59,"u":"2,12 €/L","img":"https://fd8-photos.leclercdrive.fr/image.ashx?id=2500437&use=l&cat=p&typeid=i","cat":284537},{"id":90547,"n":"Croquettes chat Purina One Chat Stérilisé Truite/Blé-1.5kg","p":7.41,"u":"4,94 €/KG","img":"https://fd8-photos.leclercdrive.fr/image.ashx?id=2488064&use=l&cat=p&typeid=i","cat":284680},{"id":90553,"n":"Sauce Tables du Monde Tikka Massala - 350g","p":1.75,"u":"5,00 €/KG","img":"https://fd8-photos.leclercdrive.fr/image.ashx?id=2556523&use=l&cat=p&typeid=i","cat":288992},{"id":90562,"n":"Yaourt bifidus Activia saveur framboise - 4x125g","p":1.75,"u":"3,50 €/KG","img":"https://fd8-photos.leclercdrive.fr/image.ashx?id=2886654&use=l&cat=p&typeid=i","cat":315000},{"id":90580,"n":"Mélange 4 baies bio Ducros 25g","p":2.6,"u":"104,00 €/KG","img":"https://fd8-photos.leclercdrive.fr/image.ashx?id=2484104&use=l&cat=p&typeid=i","cat":284457},{"id":90581,"n":"Poivre noir bio Ducros Moulin - 30g","p":2.95,"u":"98,33 €/KG","img":"https://fd8-photos.leclercdrive.fr/image.ashx?id=2484107&use=l&cat=p&typeid=i","cat":284457},{"id":90627,"n":"Tofu Céréal Bio Bio Nature - 250g","p":2.59,"u":"10,36 €/KG","img":"https://fd8-photos.leclercdrive.fr/image.ashx?id=2890145&use=l&cat=p&typeid=i","cat":316036},{"id":90632,"n":"Mozzarella Bio Bio Village AOP Di Bufalla - 125g","p":2.67,"u":"21,36 €/KG","img":"https://fd8-photos.leclercdrive.fr/image.ashx?id=2726712&use=l&cat=p&typeid=i","cat":314026},{"id":90643,"n":"Thé vert Bio Clipper Mangue - 20 sachets - 35g","p":2.34,"u":"66,86 €/KG","img":"https://fd8-photos.leclercdrive.fr/image.ashx?id=2916420&use=l&cat=p&typeid=i","cat":293233},{"id":90644,"n":"Thé vert Bio Clipper Framboise menthe - 35g","p":2.26,"u":"64,57 €/KG","img":"https://fd8-photos.leclercdrive.fr/image.ashx?id=2908303&use=l&cat=p&typeid=i","cat":293233},{"id":90667,"n":"Céréales Chocapic Nestlé Bio - 375g","p":3.99,"u":"10,64 €/KG","img":"https://fd8-photos.leclercdrive.fr/image.ashx?id=2997262&use=l&cat=p&typeid=i","cat":309513},{"id":90670,"n":"Muesli fruits bio sans sucres  ajoutés Terres et Céréales-1kg","p":4.99,"u":"4,99 €/KG","img":"https://fd8-photos.leclercdrive.fr/image.ashx?id=2858455&use=l&cat=p&typeid=i","cat":309512},{"id":90673,"n":"Pâte à tartiner Alter Eco Bio Sans huile de palme - 270g","p":3.36,"u":"12,44 €/KG","img":"https://fd8-photos.leclercdrive.fr/image.ashx?id=2264195&use=l&cat=p&typeid=i","cat":284481},{"id":90675,"n":"Crème dessert Mont Blanc Boîte Chocolat - 570g","p":2.04,"u":"3,58 €/KG","img":"https://fd8-photos.leclercdrive.fr/image.ashx?id=3011614&use=l&cat=p&typeid=i","cat":284506},{"id":90676,"n":"Crème dessert Mont Blanc Boîte Vanille - 570g","p":2.04,"u":"3,58 €/KG","img":"https://fd8-photos.leclercdrive.fr/image.ashx?id=3008830&use=l&cat=p&typeid=i","cat":284506},{"id":90682,"n":"Génoise P'tit Déli Fraise - 150g","p":1.41,"u":"9,40 €/KG","img":"https://fd8-photos.leclercdrive.fr/image.ashx?id=2482505&use=l&cat=p&typeid=i","cat":284489},{"id":90689,"n":"Lotus Biscoff Speculoos Biscuit Pocket 248g (16x2p)","p":2.39,"u":"9,64 €/KG","img":"https://fd8-photos.leclercdrive.fr/image.ashx?id=2694986&use=l&cat=p&typeid=i","cat":284487},{"id":90697,"n":"Boisson Coco Végé 1L Végé - 200g","p":1.75,"u":"1,75 €/L","img":"https://fd8-photos.leclercdrive.fr/image.ashx?id=2869516&use=l&cat=p&typeid=i","cat":316067},{"id":90725,"n":"Infusion bio Clipper Vanille et saveur fraise - 40g","p":2.99,"u":"74,75 €/KG","img":"https://fd8-photos.leclercdrive.fr/image.ashx?id=2906751&use=l&cat=p&typeid=i","cat":293234},{"id":90777,"n":"Crème visage La Provençale Bio Jouvence Anti-Âge - 50ml","p":7.56,"u":"151,20 €/L","img":"https://fd8-photos.leclercdrive.fr/image.ashx?id=2950357&use=l&cat=p&typeid=i","cat":325345},{"id":90843,"n":"Café moulu Grand Mère Familial - 4x250g","p":13.26,"u":"13,26 €/KG","img":"https://fd8-photos.leclercdrive.fr/image.ashx?id=1755049&use=l&cat=p&typeid=i","cat":284750},{"id":90847,"n":"Dosettes café Senseo Grand Mère Corsé x54","p":5.75,"u":"16,15 €/KG","img":"https://fd8-photos.leclercdrive.fr/image.ashx?id=2745817&use=l&cat=p&typeid=i","cat":293238},{"id":90887,"n":"Whisky Japonais Akashi blend Sous étui - 40% vol. - 50cl","p":30.57,"u":"61,14 €/L","img":"https://fd8-photos.leclercdrive.fr/image.ashx?id=2860508&use=l&cat=p&typeid=i","cat":284547},{"id":90905,"n":"Emmental 32% MG Bio Bio village - 250g","p":2.99,"u":"11,96 €/KG","img":"https://fd8-photos.leclercdrive.fr/image.ashx?id=2425351&use=l&cat=p&typeid=i","cat":314034},{"id":90993,"n":"Soda Pepsi Regular - 2L","p":1.64,"u":"0,82 €/L","img":"https://fd8-photos.leclercdrive.fr/image.ashx?id=1583915&use=l&cat=p&typeid=i","cat":284530},{"id":91025,"n":"Pur Jus Bio Village Bio Grenade - 1L","p":4.87,"u":"4,87 €/L","img":"https://fd8-photos.leclercdrive.fr/image.ashx?id=2901545&use=l&cat=p&typeid=i","cat":284916},{"id":91026,"n":"Pur Jus d'orange Bio Village Bio Carotte Citron - 1L","p":2.89,"u":"2,89 €/L","img":"https://fd8-photos.leclercdrive.fr/image.ashx?id=2901557&use=l&cat=p&typeid=i","cat":284521},{"id":91221,"n":"Pâtes Fusili Panzani Créatives - 500G","p":1.37,"u":"2,74 €/KG","img":"https://fd8-photos.leclercdrive.fr/image.ashx?id=2902942&use=l&cat=p&typeid=i","cat":284427},{"id":91231,"n":"Thé vert Twinings Framboise Passion x20 - 32g","p":2.83,"u":"88,44 €/KG","img":"https://fd8-photos.leclercdrive.fr/image.ashx?id=2893030&use=l&cat=p&typeid=i","cat":293233},{"id":91249,"n":"Jambon cuit rôti aux herbes 120g","p":4.99,"u":"41,58 €/KG","img":"https://fd8-photos.leclercdrive.fr/image.ashx?id=2025170&use=l&cat=p&typeid=i","cat":316009},{"id":91290,"n":"After Eight Chocolat Noël Saveur orange - 400g","p":8.48,"u":"21,20 €/KG","img":"https://fd8-photos.leclercdrive.fr/image.ashx?id=2401327&use=l&cat=p&typeid=i","cat":327595},{"id":91380,"n":"Ampoule crayon Foxter ECO30 400W blanc chaud x1","p":4.49,"img":"https://fd8-photos.leclercdrive.fr/image.ashx?id=1505658&use=l&cat=p&typeid=i","cat":300573},{"id":91390,"n":"Ampoule globe Foxter LED E27 8,5-60W blanc chaud x1","p":7.99,"u":"Dont 0,12 € d'éco-part.","img":"https://fd8-photos.leclercdrive.fr/image.ashx?id=1505542&use=l&cat=p&typeid=i","cat":300573},{"id":91432,"n":"Ampoule spot Foxter LED GU10 5,5-50W dim blanc chaud","p":6.59,"u":"Dont 0,12 € d'éco-part.","img":"https://fd8-photos.leclercdrive.fr/image.ashx?id=1505673&use=l&cat=p&typeid=i","cat":300573},{"id":91433,"n":"Ampoule Spot Foxter LED GU10 3-35W blanc chaud - x2","p":7.59,"u":"Dont 0,24 € d'éco-part.","img":"https://fd8-photos.leclercdrive.fr/image.ashx?id=1505700&use=l&cat=p&typeid=i","cat":300573},{"id":91434,"n":"Ampoule réflecteur Foxter LED E14 5-60W blanc chaud","p":6.99,"u":"Dont 0,12 € d'éco-part.","img":"https://fd8-photos.leclercdrive.fr/image.ashx?id=1505730&use=l&cat=p&typeid=i","cat":300573},{"id":91435,"n":"Ampoule Spot Foxter LED GU5.3 2,8-20W blanc chaud","p":2.99,"u":"Dont 0,12 € d'éco-part.","img":"https://fd8-photos.leclercdrive.fr/image.ashx?id=1505676&use=l&cat=p&typeid=i","cat":300573},{"id":91436,"n":"Ampoule Spot Foxter LED  GU5.3 8,2-50W dim blanc chaud","p":4.99,"u":"Dont 0,12 € d'éco-part.","img":"https://fd8-photos.leclercdrive.fr/image.ashx?id=2162528&use=l&cat=p&typeid=i","cat":300573},{"id":91441,"n":"IGP Pays d'Oc rouge Bio Naturae Cabernet-Sauvignon-75cl","p":6.42,"u":"8,56 €/L","img":"https://fd8-photos.leclercdrive.fr/image.ashx?id=2675493&use=l&cat=p&typeid=i","cat":289556},{"id":91455,"n":"Ampoule LED capsule Foxter G4 90 lumen - lumière chaude","p":4.99,"u":"Dont 0,12 € d'éco-part.","img":"https://fd8-photos.leclercdrive.fr/image.ashx?id=1872538&use=l&cat=p&typeid=i","cat":300573},{"id":91457,"n":"Ampoule tube Foxter LED S19 6.5-60W 31cm blanc chaud","p":8.99,"u":"Dont 0,12 € d'éco-part.","img":"https://fd8-photos.leclercdrive.fr/image.ashx?id=1505545&use=l&cat=p&typeid=i","cat":300573},{"id":91462,"n":"Marrons glacés Equador Morceaux - 250g","p":6.6,"u":"26,40 €/KG","img":"https://fd8-photos.leclercdrive.fr/image.ashx?id=2228013&use=l&cat=p&typeid=i","cat":327603},{"id":91482,"n":"Riz Comptoir du Grain Champignons 2 min - 250g","p":1.22,"u":"4,88 €/KG","img":"https://fd8-photos.leclercdrive.fr/image.ashx?id=2856561&use=l&cat=p&typeid=i","cat":287600},{"id":91485,"n":"Riz long Comptoir du Grain Express 2 min - 250g","p":0.99,"u":"3,96 €/KG","img":"https://fd8-photos.leclercdrive.fr/image.ashx?id=2441393&use=l&cat=p&typeid=i","cat":287600},{"id":91487,"n":"Bière Brewdog Elvis Juice  33cl","p":2.23,"u":"6,76 €/L","img":"https://fd8-photos.leclercdrive.fr/image.ashx?id=2941871&use=l&cat=p&typeid=i","cat":334872},{"id":91553,"n":"Quinoa Céréal Bio  Bio repas express 220g","p":1.95,"u":"8,86 €/KG","img":"https://fd8-photos.leclercdrive.fr/image.ashx?id=2575081&use=l&cat=p&typeid=i","cat":287600},{"id":91554,"n":"Blé Riz quinoa Céréal Bio  Bio repas express 220g","p":2.61,"u":"11,86 €/KG","img":"https://fd8-photos.leclercdrive.fr/image.ashx?id=2662844&use=l&cat=p&typeid=i","cat":287600},{"id":91557,"n":"Lentilles Riz Soja Céréal Bio Bio repas express-250g","p":1.95,"u":"7,80 €/KG","img":"https://fd8-photos.leclercdrive.fr/image.ashx?id=2575084&use=l&cat=p&typeid=i","cat":287600},{"id":91570,"n":"Lait demi écrémé Justement Bon Lait de montagne Pack de 6 x 1L","p":7.1,"u":"1,18 €/L","img":"https://fd8-photos.leclercdrive.fr/image.ashx?id=1581915&use=l&cat=p&typeid=i","cat":284377},{"id":91585,"n":"Bicarbonate de soude Briochin Ecocert - 500g","p":2.63,"u":"5,26 €/KG","img":"https://fd8-photos.leclercdrive.fr/image.ashx?id=3000749&use=l&cat=p&typeid=i","cat":325365},{"id":91603,"n":"Gel pur So Bio Etic Aloe Vera bio - 125ml","p":7.47,"u":"59,76 €/L","img":"https://fd8-photos.leclercdrive.fr/image.ashx?id=2802497&use=l&cat=p&typeid=i","cat":325345},{"id":91605,"n":"Soin nutritif So Bio Etic Aloe Vera bio - 50ml","p":7.2,"u":"144,00 €/L","img":"https://fd8-photos.leclercdrive.fr/image.ashx?id=2992128&use=l&cat=p&typeid=i","cat":325345},{"id":91768,"n":"Roquefort AOP Société Fromage de brebis - 100g","p":2.55,"u":"25,50 €/KG","img":"https://fd8-photos.leclercdrive.fr/image.ashx?id=2729701&use=l&cat=p&typeid=i","cat":314032},{"id":91776,"n":"Crème UHT Elle&Vire Semi-Ep. Entière - 30% MG - 3x20cl","p":4.14,"u":"6,90 €/L","img":"https://fd8-photos.leclercdrive.fr/image.ashx?id=2979866&use=l&cat=p&typeid=i","cat":284381},{"id":91805,"n":"petit suisse aux fruits danonino - 18x50g","p":3.35,"u":"3,72 €/KG","img":"https://fd8-photos.leclercdrive.fr/image.ashx?id=3003137&use=l&cat=p&typeid=i","cat":284414},{"id":91806,"n":"petit suisse aux fruits danonino - 24x50g","p":4.29,"u":"3,58 €/KG","img":"https://fd8-photos.leclercdrive.fr/image.ashx?id=2865602&use=l&cat=p&typeid=i","cat":284414},{"id":91809,"n":"Yaourts bio - Les 300&Bio Mûre Myrtille - 4x125g","p":1.9,"u":"3,80 €/KG","img":"https://fd8-photos.leclercdrive.fr/image.ashx?id=2845452&use=l&cat=p&typeid=i","cat":284410},{"id":91810,"n":"Fromage blanc nature Les 300 Laitiers Bio - 4x100g","p":1.89,"u":"4,73 €/KG","img":"https://fd8-photos.leclercdrive.fr/image.ashx?id=2502323&use=l&cat=p&typeid=i","cat":284409},{"id":91814,"n":"Pommes bicolores bio Bio Village Barquette x4","p":1.99,"u":"0,50 €/P","img":"https://fd8-photos.leclercdrive.fr/image.ashx?id=2556538&use=l&cat=p&typeid=i","cat":284356},{"id":91864,"n":"Haricots verts Cassegrain Extra fin - 2x220g","p":4.38,"u":"9,95 €/KG","img":"https://fd8-photos.leclercdrive.fr/image.ashx?id=2955324&use=l&cat=p&typeid=i","cat":312606},{"id":91867,"n":"Desperados Mojito Pack 6x33cl","p":9.55,"u":"4,82 €/L","img":"https://fd8-photos.leclercdrive.fr/image.ashx?id=2651080&use=l&cat=p&typeid=i","cat":334878},{"id":91891,"n":"Champignons en bocal Borde Pour gibier - 290g","p":6.04,"u":"20,83 €/KG","img":"https://fd8-photos.leclercdrive.fr/image.ashx?id=2731087&use=l&cat=p&typeid=i","cat":312610},{"id":91892,"n":"Champignons en bocal Borde Pour poisson - 290g","p":10.39,"u":"35,83 €/KG","img":"https://fd8-photos.leclercdrive.fr/image.ashx?id=2731090&use=l&cat=p&typeid=i","cat":312610},{"id":91958,"n":"Whisky Famous Grouse Ruby Cask - 40%vol - 70cl","p":21.46,"u":"30,66 €/L","img":"https://fd8-photos.leclercdrive.fr/image.ashx?id=2125290&use=l&cat=p&typeid=i","cat":284547},{"id":92027,"n":"Tablette chocolat au lait Lindt Caramel Pointe de sel - 100g","p":2.45,"u":"24,50 €/KG","img":"https://fd8-photos.leclercdrive.fr/image.ashx?id=2750384&use=l&cat=p&typeid=i","cat":284497},{"id":92028,"n":"Tablette de chocolat noir Lindt Amandes effilées - 100g","p":2.65,"u":"26,50 €/KG","img":"https://fd8-photos.leclercdrive.fr/image.ashx?id=2643764&use=l&cat=p&typeid=i","cat":284956},{"id":92073,"n":"Légumes pour Wok Bio Village Bio - 600g","p":2.99,"u":"4,98 €/KG","img":"https://fd8-photos.leclercdrive.fr/image.ashx?id=2898071&use=l&cat=p&typeid=i","cat":319823},{"id":92247,"n":"Nettoyant spray La Croix Désinfectant Javel Frais -500ml","p":1.98,"u":"3,96 €/L","img":"https://fd8-photos.leclercdrive.fr/image.ashx?id=2471601&use=l&cat=p&typeid=i","cat":325357},{"id":92255,"n":"Soupe liquide brique Liebig  Courgettes Vache Qui Rit 2x30cl","p":2.95,"u":"4,92 €/L","img":"https://fd8-photos.leclercdrive.fr/image.ashx?id=2175518&use=l&cat=p&typeid=i","cat":284462},{"id":92267,"n":"Soupe instantanée Royco  Indienne - 3x200ml","p":1.42,"u":"2,37 €/L","img":"https://fd8-photos.leclercdrive.fr/image.ashx?id=2650988&use=l&cat=p&typeid=i","cat":293527},{"id":92275,"n":"Asperges vertes Notre Jardin Pointes bocal - 100g","p":3.65,"u":"36,50 €/KG","img":"https://fd8-photos.leclercdrive.fr/image.ashx?id=2072716&use=l&cat=p&typeid=i","cat":312611},{"id":92351,"n":"Crème mains Inell Réparatrice - 100ml","p":1.45,"u":"14,50 €/L","img":"https://fd8-photos.leclercdrive.fr/image.ashx?id=2822135&use=l&cat=p&typeid=i","cat":325354},{"id":92356,"n":"Serviettes Hygieniques Vania  Maxi confort super - x16","p":1.79,"u":"0,11 €/P","img":"https://fd8-photos.leclercdrive.fr/image.ashx?id=2908168&use=l&cat=p&typeid=i","cat":284624},{"id":92436,"n":"Noix de Saint-Jacques ASC Ronde des Mers - 300g","p":8.7,"u":"29,00 €/KG","img":"https://fd8-photos.leclercdrive.fr/image.ashx?id=2835032&use=l&cat=p&typeid=i","cat":319787},{"id":92452,"n":"Tomates cerises bio Bio Village 250g","p":1.59,"u":"6,36 €/KG","img":"https://fd8-photos.leclercdrive.fr/image.ashx?id=2960544&use=l&cat=p&typeid=i","cat":284352},{"id":92454,"n":"Mini bûche Eskiss Fruits rouge x6 - 328g","p":2.29,"u":"6,98 €/KG","img":"https://fd8-photos.leclercdrive.fr/image.ashx?id=2790994&use=l&cat=p&typeid=i","cat":284266},{"id":92485,"n":"Thé English Breakfast Tetley 25 sachets - 50g","p":0.79,"u":"15,80 €/KG","img":"https://fd8-photos.leclercdrive.fr/image.ashx?id=2312260&use=l&cat=p&typeid=i","cat":293233},{"id":92516,"n":"Poélée Légume Wok Notre Jardin Inde - 1kg","p":3.99,"u":"3,99 €/KG","img":"https://fd8-photos.leclercdrive.fr/image.ashx?id=2803957&use=l&cat=p&typeid=i","cat":319823},{"id":92530,"n":"Cidre fermier Doux NRT IGP  De Bretagne - 3%vol - 75cl","p":3.34,"u":"4,45 €/L","img":"https://fd8-photos.leclercdrive.fr/image.ashx?id=2791117&use=l&cat=p&typeid=i","cat":334880},{"id":92532,"n":"Céréales Quaker Cruesli Chocolat - 900g","p":5.55,"u":"6,17 €/KG","img":"https://fd8-photos.leclercdrive.fr/image.ashx?id=2212153&use=l&cat=p&typeid=i","cat":309512},{"id":92533,"n":"Céréales Quaker Cruesli Chocolat au lait - 450g","p":3.25,"u":"7,22 €/KG","img":"https://fd8-photos.leclercdrive.fr/image.ashx?id=2212156&use=l&cat=p&typeid=i","cat":309512},{"id":92551,"n":"Pain de mie bio La Boulangère Farine complète - 280g","p":1.2,"u":"4,29 €/KG","img":"https://fd8-photos.leclercdrive.fr/image.ashx?id=2912416&use=l&cat=p&typeid=i","cat":284477},{"id":92693,"n":"Gel douche Mixa Bébé  Très Doux Corps Cheveux - 750ml","p":7.45,"u":"9,93 €/L","img":"https://fd8-photos.leclercdrive.fr/image.ashx?id=2316210&use=l&cat=p&typeid=i","cat":284740},{"id":92702,"n":"Tomate ronde grappe Bio Village Bio - 500g","p":2.49,"u":"4,98 €/KG","img":"https://fd8-photos.leclercdrive.fr/image.ashx?id=2551996&use=l&cat=p&typeid=i","cat":284352},{"id":92761,"n":"Sacs poubelle 10L Eco+ Salle de bain - x30","p":1.08,"u":"0,04 €/P","img":"https://fd8-photos.leclercdrive.fr/image.ashx?id=2755052&use=l&cat=p&typeid=i","cat":285168},{"id":92780,"n":"Bière blonde Heineken 6x25cl","p":4.49,"u":"2,99 €/L","img":"https://fd8-photos.leclercdrive.fr/image.ashx?id=3011077&use=l&cat=p&typeid=i","cat":334873},{"id":92782,"n":"Thé glacé Fuze Tea Saveur pêche - 1.25L","p":1.59,"u":"1,27 €/L","img":"https://fd8-photos.leclercdrive.fr/image.ashx?id=2940390&use=l&cat=p&typeid=i","cat":295019},{"id":92818,"n":"Tablette lave-vaisselle Rainett Tout en 1 Bicarbonate x30 -600g","p":5.67,"u":"9,45 €/KG","img":"https://fd8-photos.leclercdrive.fr/image.ashx?id=2506477&use=l&cat=p&typeid=i","cat":284656},{"id":92834,"n":"Chips extra Vico 6x30g","p":2.35,"u":"13,06 €/KG","img":"https://fd8-photos.leclercdrive.fr/image.ashx?id=2917816&use=l&cat=p&typeid=i","cat":284447},{"id":92841,"n":"Huile de tournesol Rustica 50cl","p":1.39,"u":"2,78 €/L","img":"https://fd8-photos.leclercdrive.fr/image.ashx?id=2900349&use=l&cat=p&typeid=i","cat":284453},{"id":92842,"n":"Mélange 4 huiles Rustica Végétales - 50cl","p":1.79,"u":"3,58 €/L","img":"https://fd8-photos.leclercdrive.fr/image.ashx?id=2508885&use=l&cat=p&typeid=i","cat":284453},{"id":92853,"n":"Gaufrettes vanille Chaque jour sans gluten - 125g","p":3.26,"u":"26,08 €/KG","img":"https://fd8-photos.leclercdrive.fr/image.ashx?id=1513347&use=l&cat=p&typeid=i","cat":318654},{"id":92861,"n":"Crème Visage Jour FPS 15 Nivea Hydratante - 50ml","p":4.08,"u":"81,60 €/L","img":"https://fd8-photos.leclercdrive.fr/image.ashx?id=3015335&use=l&cat=p&typeid=i","cat":325345},{"id":92910,"n":"Tranches pour raclette Sans croûte nature - 700g","p":8.89,"u":"12,70 €/KG","img":"https://fd8-photos.leclercdrive.fr/image.ashx?id=2951743&use=l&cat=p&typeid=i","cat":314037},{"id":93022,"n":"Bière blonde Heineken 20x25cl","p":12.75,"u":"2,55 €/L","img":"https://fd8-photos.leclercdrive.fr/image.ashx?id=3011074&use=l&cat=p&typeid=i","cat":334873},{"id":93023,"n":"Bière blonde Heineken 12x25cl","p":8.19,"u":"2,73 €/L","img":"https://fd8-photos.leclercdrive.fr/image.ashx?id=3011080&use=l&cat=p&typeid=i","cat":334873},{"id":93029,"n":"Poireau bio Bio Village 750g","p":3.79,"u":"5,05 €/KG","img":"https://fd8-photos.leclercdrive.fr/image.ashx?id=2322956&use=l&cat=p&typeid=i","cat":284352},{"id":93030,"n":"Concombre Bio Bio Village x1","p":1.99,"img":"https://fd8-photos.leclercdrive.fr/image.ashx?id=2334257&use=l&cat=p&typeid=i","cat":284352},{"id":93031,"n":"Raclette nature Les croisés Sans croute - 700g","p":6.79,"u":"9,70 €/KG","img":"https://fd8-photos.leclercdrive.fr/image.ashx?id=2084961&use=l&cat=p&typeid=i","cat":314037},{"id":93032,"n":"Saucisson Justin Bridou Bâton de Berger Nature 250g","p":3.95,"u":"15,80 €/KG","img":"https://fd8-photos.leclercdrive.fr/image.ashx?id=2921313&use=l&cat=p&typeid=i","cat":316006},{"id":93033,"n":"Saucisson Fuet César Moroni  170g","p":3.49,"u":"20,53 €/KG","img":"https://fd8-photos.leclercdrive.fr/image.ashx?id=2916138&use=l&cat=p&typeid=i","cat":316006},{"id":93036,"n":"Rosette tranchée Cochonou  10 tranches - 93g","p":1.89,"u":"20,32 €/KG","img":"https://fd8-photos.leclercdrive.fr/image.ashx?id=2924107&use=l&cat=p&typeid=i","cat":316007},{"id":93037,"n":"Saucisson sec Tranché Cochonou 30 tranches - 93g","p":1.69,"u":"18,17 €/KG","img":"https://fd8-photos.leclercdrive.fr/image.ashx?id=2924104&use=l&cat=p&typeid=i","cat":316007},{"id":93038,"n":"Jambon cru 4 tranches Aoste sans conservateur - 100g","p":4.19,"u":"41,90 €/KG","img":"https://fd8-photos.leclercdrive.fr/image.ashx?id=2937187&use=l&cat=p&typeid=i","cat":316007},{"id":93041,"n":"Fromage Caprice Des Dieux 300g","p":3.11,"u":"10,37 €/KG","img":"https://fd8-photos.leclercdrive.fr/image.ashx?id=2763178&use=l&cat=p&typeid=i","cat":314033},{"id":93043,"n":"Crème dessert Bio village Bio - 4x95g  - Vanille","p":1.28,"u":"3,37 €/KG","img":"https://fd8-photos.leclercdrive.fr/image.ashx?id=2992648&use=l&cat=p&typeid=i","cat":285041},{"id":93045,"n":"AOC Corbières BIO vin rouge Prieur Barsanne - 75cl","p":3.99,"u":"5,32 €/L","img":"https://fd8-photos.leclercdrive.fr/image.ashx?id=2921414&use=l&cat=p&typeid=i","cat":289556},{"id":93070,"n":"Crème dessert Bio Bio village Chocolat - 4x95g","p":1.28,"u":"3,37 €/KG","img":"https://fd8-photos.leclercdrive.fr/image.ashx?id=2992645&use=l&cat=p&typeid=i","cat":285041},{"id":93071,"n":"Champignons de Paris blancs Bio Bio Village - 200g","p":2.39,"u":"11,95 €/KG","img":"https://fd8-photos.leclercdrive.fr/image.ashx?id=2960550&use=l&cat=p&typeid=i","cat":284352},{"id":93089,"n":"Cidre fermier Brut NRT IGP  De Bretagne - 3%vol - 75cl","p":3.34,"u":"4,45 €/L","img":"https://fd8-photos.leclercdrive.fr/image.ashx?id=2791114&use=l&cat=p&typeid=i","cat":334880},{"id":93091,"n":"Bûche glacée Eskiss Vanille Caramel Pécan - 534g","p":4.05,"u":"7,58 €/KG","img":"https://fd8-photos.leclercdrive.fr/image.ashx?id=2974816&use=l&cat=p&typeid=i","cat":284266},{"id":93105,"n":"Skyr danone  nature 0%mg - 2x140g","p":2.39,"u":"8,54 €/KG","img":"https://fd8-photos.leclercdrive.fr/image.ashx?id=2810606&use=l&cat=p&typeid=i","cat":284409},{"id":93108,"n":"Bière Desperados Pack de 12x33cl","p":14.67,"u":"3,70 €/L","img":"https://fd8-photos.leclercdrive.fr/image.ashx?id=2983123&use=l&cat=p&typeid=i","cat":334878},{"id":93109,"n":"Bière Desperados Pack de 6x33cl","p":7.24,"u":"3,66 €/L","img":"https://fd8-photos.leclercdrive.fr/image.ashx?id=2999865&use=l&cat=p&typeid=i","cat":334878},{"id":93110,"n":"Epinards hachés à la crème Bio Bio Village - 600g","p":2.1,"u":"3,50 €/KG","img":"https://fd8-photos.leclercdrive.fr/image.ashx?id=2043276&use=l&cat=p&typeid=i","cat":319805},{"id":93111,"n":"Camembert Le Rustique  250g","p":2.49,"u":"9,96 €/KG","img":"https://fd8-photos.leclercdrive.fr/image.ashx?id=2979722&use=l&cat=p&typeid=i","cat":314033},{"id":93112,"n":"Coulommiers Cœur de Lion  350g","p":2.8,"u":"8,00 €/KG","img":"https://fd8-photos.leclercdrive.fr/image.ashx?id=2766286&use=l&cat=p&typeid=i","cat":314033},{"id":93121,"n":"Escalope Cordon Bleu Père Dodu  Dinde x4 - 400g - Familial","p":5.35,"u":"13,38 €/KG","img":"https://fd8-photos.leclercdrive.fr/image.ashx?id=2957206&use=l&cat=p&typeid=i","cat":333683},{"id":93181,"n":"Pains Façon Bretzel x6 - 270g","p":1.54,"u":"5,70 €/KG","img":"https://fd8-photos.leclercdrive.fr/image.ashx?id=2867401&use=l&cat=p&typeid=i","cat":325069},{"id":93185,"n":"Epinards hachés Bio Bio Village - 600g","p":1.77,"u":"2,95 €/KG","img":"https://fd8-photos.leclercdrive.fr/image.ashx?id=2898086&use=l&cat=p&typeid=i","cat":319805},{"id":93203,"n":"Lessive concentrée Epsil Pure fraîcheur x28 - 980ml","p":3.29,"u":"3,36 €/L","img":"https://fd8-photos.leclercdrive.fr/image.ashx?id=2450047&use=l&cat=p&typeid=i","cat":284640},{"id":93210,"n":"Suprêmes soufflés Saint-Jean Nature x4 - 480g","p":4.09,"u":"8,52 €/KG","img":"https://fd8-photos.leclercdrive.fr/image.ashx?id=2446719&use=l&cat=p&typeid=i","cat":333682},{"id":93211,"n":"Suprêmes soufflés brochet x4 - 480g","p":3.99,"u":"8,31 €/KG","img":"https://fd8-photos.leclercdrive.fr/image.ashx?id=2446722&use=l&cat=p&typeid=i","cat":333682},{"id":93243,"n":"Dissolvant Inell Semi-permanent - 150ml","p":1.42,"u":"9,47 €/L","img":"https://fd8-photos.leclercdrive.fr/image.ashx?id=2691682&use=l&cat=p&typeid=i","cat":325347},{"id":93244,"n":"Sauce bolognaise Panzani 425g","p":1.91,"u":"4,49 €/KG","img":"https://fd8-photos.leclercdrive.fr/image.ashx?id=2989096&use=l&cat=p&typeid=i","cat":287599},{"id":93246,"n":"Assortiment Copains Copines Fraises bananes - 250g","p":1.19,"u":"4,76 €/KG","img":"https://fd8-photos.leclercdrive.fr/image.ashx?id=2934724&use=l&cat=p&typeid=i","cat":304250},{"id":93248,"n":"Assortiment Copains Copines Tubo gélifiés doux - 600g","p":3.32,"u":"5,53 €/KG","img":"https://fd8-photos.leclercdrive.fr/image.ashx?id=2934727&use=l&cat=p&typeid=i","cat":304250},{"id":93310,"n":"Yaourt bifidus Activia vanille - 12x125g","p":4.35,"u":"2,90 €/KG","img":"https://fd8-photos.leclercdrive.fr/image.ashx?id=2999835&use=l&cat=p&typeid=i","cat":315000},{"id":93348,"n":"Assortiment 26%mg Les croisés 3 Variétés ss croûte - 700g","p":9.74,"u":"13,91 €/KG","img":"https://fd8-photos.leclercdrive.fr/image.ashx?id=2793269&use=l&cat=p&typeid=i","cat":314037},{"id":93398,"n":"Plat bébé Blédina 12 mois  Butternut dinde - 2x200g","p":2.32,"u":"5,80 €/KG","img":"https://fd8-photos.leclercdrive.fr/image.ashx?id=2975086&use=l&cat=p&typeid=i","cat":312237},{"id":93401,"n":"Bière blonde pression Heineken Fût de 5L","p":18.89,"pp":12.47,"u":"2,49 €/L","img":"https://fd8-photos.leclercdrive.fr/image.ashx?id=2646194&use=l&cat=p&typeid=i","cat":334879},{"id":93403,"n":"Bières Desperados 6x33cl","p":7.59,"u":"3,83 €/L","img":"https://fd8-photos.leclercdrive.fr/image.ashx?id=2977963&use=l&cat=p&typeid=i","cat":334853},{"id":93405,"n":"IGP Pays d'Oc Grenache vin rosé Vieux Carion 12% vol - BIB 3L","p":7.99,"u":"2,66 €/L","img":"https://fd8-photos.leclercdrive.fr/image.ashx?id=2699574&use=l&cat=p&typeid=i","cat":289560},{"id":93514,"n":"Frites de poulet Maître Coq 1 kg","p":5.14,"u":"5,14 €/KG","img":"https://fd8-photos.leclercdrive.fr/image.ashx?id=2939478&use=l&cat=p&typeid=i","cat":319780},{"id":93547,"n":"Long Nuggets Père Dodu  Poulet x8 - 200g","p":1.8,"u":"9,00 €/KG","img":"https://fd8-photos.leclercdrive.fr/image.ashx?id=2957188&use=l&cat=p&typeid=i","cat":333684},{"id":93600,"n":"Dessert végétal soja Alpro Nature à la coco - 500g","p":1.82,"u":"3,64 €/KG","img":"https://fd8-photos.leclercdrive.fr/image.ashx?id=2976080&use=l&cat=p&typeid=i","cat":316071},{"id":93625,"n":"Papier toilette Mimosa Rose 3 plis - x12","p":4.69,"u":"0,39 €/P","img":"https://fd8-photos.leclercdrive.fr/image.ashx?id=2778758&use=l&cat=p&typeid=i","cat":284634},{"id":93636,"n":"Fromage RichesMonts Raclette  Caractère 18 Tranches - 420g","p":6.55,"u":"15,60 €/KG","img":"https://fd8-photos.leclercdrive.fr/image.ashx?id=2953812&use=l&cat=p&typeid=i","cat":314037},{"id":93683,"n":"Noix st Jacques Ronde des mers Avec corail - 300g","p":12.89,"u":"42,97 €/KG","img":"https://fd8-photos.leclercdrive.fr/image.ashx?id=2632888&use=l&cat=p&typeid=i","cat":319787},{"id":93689,"n":"Noix St Jacques Ronde des mers Sans Corail - MSC - 300g","p":14.99,"u":"49,97 €/KG","img":"https://fd8-photos.leclercdrive.fr/image.ashx?id=1518020&use=l&cat=p&typeid=i","cat":319787},{"id":93690,"n":"Nems à la Crevette et Crabe Tables du Monde x4 - 280g","p":2.04,"u":"7,29 €/KG","img":"https://fd8-photos.leclercdrive.fr/image.ashx?id=1861278&use=l&cat=p&typeid=i","cat":333673},{"id":93705,"n":"Pulpe de tomates Sacla Bio - 680g","p":1.62,"u":"2,38 €/KG","img":"https://fd8-photos.leclercdrive.fr/image.ashx?id=2507089&use=l&cat=p&typeid=i","cat":288384},{"id":93728,"n":"Clémentine à déguster bio Bio Village Sachet 750g","p":2.99,"u":"3,99 €/KG","img":"https://fd8-photos.leclercdrive.fr/image.ashx?id=2801058&use=l&cat=p&typeid=i","cat":284356},{"id":93750,"n":"Ratatouille Cuisinée Cassegrain à la Provençale 380g","p":2.95,"u":"7,76 €/KG","img":"https://fd8-photos.leclercdrive.fr/image.ashx?id=2970831&use=l&cat=p&typeid=i","cat":312612},{"id":93776,"n":"Sauce tomate bio Jardin Bio Provençale - 510g","p":3.53,"u":"6,92 €/KG","img":"https://fd8-photos.leclercdrive.fr/image.ashx?id=2977435&use=l&cat=p&typeid=i","cat":287599},{"id":93788,"n":"Escalope Cordon Bleu Père Dodu  Poulet x2 - 200g","p":1.95,"u":"9,75 €/KG","img":"https://fd8-photos.leclercdrive.fr/image.ashx?id=2957170&use=l&cat=p&typeid=i","cat":333683},{"id":93790,"n":"Sauce tomate bio Jardin Bio Basilic - 510g","p":3.85,"u":"7,55 €/KG","img":"https://fd8-photos.leclercdrive.fr/image.ashx?id=2918832&use=l&cat=p&typeid=i","cat":287599},{"id":93807,"n":"Tampon pour plastiques TECH9 x1","p":3.5,"img":"https://fd8-photos.leclercdrive.fr/image.ashx?id=1543775&use=l&cat=p&typeid=i","cat":298252},{"id":93842,"n":"Coton rectangle bébé Eco+ x200","p":3.99,"u":"0,02 €/P","img":"https://fd8-photos.leclercdrive.fr/image.ashx?id=2869760&use=l&cat=p&typeid=i","cat":284739},{"id":93851,"n":"Petit Pois Tendres et Fondants Cassegrain 280g","p":1.89,"u":"6,75 €/KG","img":"https://fd8-photos.leclercdrive.fr/image.ashx?id=2955318&use=l&cat=p&typeid=i","cat":312607},{"id":93854,"n":"Aubergines Cuisinées Cassegrain à la Provençale 375g","p":2.81,"u":"7,49 €/KG","img":"https://fd8-photos.leclercdrive.fr/image.ashx?id=2962086&use=l&cat=p&typeid=i","cat":312612},{"id":93860,"n":"Viande hachée bio- Bio Village  15%mg - 400g","p":8.15,"u":"20,38 €/KG","img":"https://fd8-photos.leclercdrive.fr/image.ashx?id=1659333&use=l&cat=p&typeid=i","cat":319779},{"id":94052,"n":"Haricot Vert Cassegrain Extra Fin Ceuillis main 220g","p":2.15,"u":"9,77 €/KG","img":"https://fd8-photos.leclercdrive.fr/image.ashx?id=2955321&use=l&cat=p&typeid=i","cat":312606},{"id":94053,"n":"Gaufrette P'tit Déli Fraise des bois - 160g","p":1.52,"u":"9,50 €/KG","img":"https://fd8-photos.leclercdrive.fr/image.ashx?id=2915299&use=l&cat=p&typeid=i","cat":284489},{"id":94157,"n":"Madeleine moelleuse St-Michel 800g","p":3.8,"u":"4,75 €/KG","img":"https://fd8-photos.leclercdrive.fr/image.ashx?id=2936230&use=l&cat=p&typeid=i","cat":284492},{"id":94180,"n":"Croquettes chat Ultima Stérilisé sensible - 3kg","p":14.65,"u":"4,88 €/KG","img":"https://fd8-photos.leclercdrive.fr/image.ashx?id=2906580&use=l&cat=p&typeid=i","cat":284680},{"id":94189,"n":"Sachet chat sénior Perfect Fit dinde poisson sauce - 4x85g","p":2.36,"u":"6,94 €/KG","img":"https://fd8-photos.leclercdrive.fr/image.ashx?id=2759730&use=l&cat=p&typeid=i","cat":285286},{"id":94309,"n":"Croquettes chat stérilisé D’intérieur Ultima - 3kg","p":10.91,"u":"3,64 €/KG","img":"https://fd8-photos.leclercdrive.fr/image.ashx?id=2922230&use=l&cat=p&typeid=i","cat":284680},{"id":94489,"n":"Lames Wilkinson Quattro Titanium Sensitive - x4","p":10.7,"u":"2,68 €/P","img":"https://fd8-photos.leclercdrive.fr/image.ashx?id=2451405&use=l&cat=p&typeid=i","cat":284616},{"id":94643,"n":"Brassé végétal Andros Framboise - 400g","p":2.85,"u":"7,13 €/KG","img":"https://fd8-photos.leclercdrive.fr/image.ashx?id=2879089&use=l&cat=p&typeid=i","cat":316071},{"id":94654,"n":"Yaourt bifidus Activia Vanille - 16x125g","p":5.24,"u":"2,62 €/KG","img":"https://fd8-photos.leclercdrive.fr/image.ashx?id=2741775&use=l&cat=p&typeid=i","cat":315000},{"id":94748,"n":"Tartines La Boulangère  Quinoa et graine Bio - 450g","p":3.39,"u":"7,53 €/KG","img":"https://fd8-photos.leclercdrive.fr/image.ashx?id=2912419&use=l&cat=p&typeid=i","cat":284477},{"id":94859,"n":"Yaourt à la grecque YAOS  Stracciatella - 4x125g","p":2.29,"u":"4,58 €/KG","img":"https://fd8-photos.leclercdrive.fr/image.ashx?id=2679506&use=l&cat=p&typeid=i","cat":314999},{"id":94908,"n":"AOP Saint-Véran blanc Bourgogne - 75cl","p":7.5,"u":"10,00 €/L","img":"https://fd8-photos.leclercdrive.fr/image.ashx?id=2178076&use=l&cat=p&typeid=i","cat":289557},{"id":94916,"n":"Matière grasse St Hubert Omega 3 - 52% MG - 750g","p":5.39,"u":"7,19 €/KG","img":"https://fd8-photos.leclercdrive.fr/image.ashx?id=2734078&use=l&cat=p&typeid=i","cat":315229},{"id":94919,"n":"Matière grasse St Hubert Omega 3 - 51% MG - 250g","p":2.89,"u":"11,56 €/P","img":"https://fd8-photos.leclercdrive.fr/image.ashx?id=2734111&use=l&cat=p&typeid=i","cat":315229},{"id":95077,"n":"Gel anti-calcaire Calgon  Hygiène Plus - 750ml","p":4.99,"u":"6,65 €/L","img":"https://fd8-photos.leclercdrive.fr/image.ashx?id=2953767&use=l&cat=p&typeid=i","cat":284653},{"id":95481,"n":"Gambas royales calibre 8/10 400g","p":10.83,"u":"27,08 €/KG","img":"https://fd8-photos.leclercdrive.fr/image.ashx?id=2620467&use=l&cat=p&typeid=i","cat":319787},{"id":95524,"n":"Essuie-tout bobine Mimosa 500 feuilles","p":3.7,"img":"https://fd8-photos.leclercdrive.fr/image.ashx?id=1523297&use=l&cat=p&typeid=i","cat":284635},{"id":95534,"n":"Saumon fumé Ronde des Mers Ecosse x4T - 140g","p":4.99,"u":"35,64 €/KG","img":"https://fd8-photos.leclercdrive.fr/image.ashx?id=2450056&use=l&cat=p&typeid=i","cat":285188},{"id":95535,"n":"Saumon fumé ASC Ronde des Mers Norvège x4T - 140g","p":4.99,"u":"35,64 €/KG","img":"https://fd8-photos.leclercdrive.fr/image.ashx?id=2832999&use=l&cat=p&typeid=i","cat":285188},{"id":95548,"n":"Rillettes de sardine 140g","p":1.77,"u":"12,64 €/KG","img":"https://fd8-photos.leclercdrive.fr/image.ashx?id=2981885&use=l&cat=p&typeid=i","cat":285191},{"id":95564,"n":"Crème fraîche légère Yoplait Fleurette 15% mg - 38cl","p":1.99,"u":"5,24 €/L","img":"https://fd8-photos.leclercdrive.fr/image.ashx?id=2733664&use=l&cat=p&typeid=i","cat":284381},{"id":95586,"n":"Eau micellaire bio SoBio Etic Peau sensible aloé véra - 500ml","p":5.17,"u":"10,34 €/L","img":"https://fd8-photos.leclercdrive.fr/image.ashx?id=2801905&use=l&cat=p&typeid=i","cat":284603},{"id":95623,"n":"AOP Champagne Brut Demoiselle Vranken - 75cl","p":26.95,"u":"35,93 €/L","img":"https://fd8-photos.leclercdrive.fr/image.ashx?id=2203988&use=l&cat=p&typeid=i","cat":284542},{"id":95739,"n":"Coq'ailes Maître Coq Barbecue - 250g","p":3.8,"u":"15,20 €/KG","img":"https://fd8-photos.leclercdrive.fr/image.ashx?id=2403384&use=l&cat=p&typeid=i","cat":333685},{"id":95811,"n":"Mascara Waterproof L'OréalParis Lash Paradise Noir","p":17.75,"img":"https://fd8-photos.leclercdrive.fr/image.ashx?id=2559589&use=l&cat=p&typeid=i","cat":287029},{"id":95817,"n":"Dessert végétal soja alpro Nature à l'amande - 500g","p":1.82,"u":"3,64 €/KG","img":"https://fd8-photos.leclercdrive.fr/image.ashx?id=2977684&use=l&cat=p&typeid=i","cat":316071},{"id":95819,"n":"Dessert végétal soja alpro Nature à l'avoine - 500g","p":1.94,"u":"3,88 €/KG","img":"https://fd8-photos.leclercdrive.fr/image.ashx?id=2976083&use=l&cat=p&typeid=i","cat":316071},{"id":95840,"n":"Orange à déguster bio Bio Village Sachet x4","p":2.79,"u":"0,70 €/P","img":"https://fd8-photos.leclercdrive.fr/image.ashx?id=2801061&use=l&cat=p&typeid=i","cat":284356},{"id":95945,"n":"Pommes bicolores Panier du Primeur Barquette x6","p":2.49,"u":"0,42 €/P","img":"https://fd8-photos.leclercdrive.fr/image.ashx?id=2553920&use=l&cat=p&typeid=i","cat":284356},{"id":95946,"n":"Pommes vertes Panier du Primeur Barquette x6","p":2.49,"u":"0,42 €/P","img":"https://fd8-photos.leclercdrive.fr/image.ashx?id=2338703&use=l&cat=p&typeid=i","cat":284356},{"id":95947,"n":"Pommes jaunes Panier du Primeur x6","p":2.49,"u":"0,42 €/P","img":"https://fd8-photos.leclercdrive.fr/image.ashx?id=2338700&use=l&cat=p&typeid=i","cat":284356},{"id":95973,"n":"Eau minérale naturelle Evian  6x1,5l","p":3.7,"u":"0,41 €/L","img":"https://fd8-photos.leclercdrive.fr/image.ashx?id=2967717&use=l&cat=p&typeid=i","cat":284535},{"id":95974,"n":"Bière blonde Bud 5% - 12x25cl","p":8.25,"u":"2,75 €/L","img":"https://fd8-photos.leclercdrive.fr/image.ashx?id=2995406&use=l&cat=p&typeid=i","cat":334873},{"id":95975,"n":"Liquide vaisselle Visior Pomme poire - 750ml","p":1.19,"u":"1,59 €/L","img":"https://fd8-photos.leclercdrive.fr/image.ashx?id=2872718&use=l&cat=p&typeid=i","cat":284655},{"id":95976,"n":"Liquide vaisselle Visior Fruit rouge & Fleur - 750ml","p":1.19,"u":"1,59 €/L","img":"https://fd8-photos.leclercdrive.fr/image.ashx?id=2724586&use=l&cat=p&typeid=i","cat":284655},{"id":95978,"n":"Liquide vaisselle Visior Pamplemousse vinaigre - 750ml","p":1.3,"u":"1,73 €/L","img":"https://fd8-photos.leclercdrive.fr/image.ashx?id=2898859&use=l&cat=p&typeid=i","cat":284655},{"id":95979,"n":"Gel douche Manava Orchidée Camélia - 250ml","p":1.15,"u":"4,60 €/L","img":"https://fd8-photos.leclercdrive.fr/image.ashx?id=2805033&use=l&cat=p&typeid=i","cat":284594},{"id":96057,"n":"Café grains Méo Espresso - 1kg","p":16.5,"u":"16,50 €/KG","img":"https://fd8-photos.leclercdrive.fr/image.ashx?id=2593977&use=l&cat=p&typeid=i","cat":293237},{"id":96060,"n":"Chili con carné Bio Village Bio - 300g","p":3.49,"u":"11,63 €/KG","img":"https://fd8-photos.leclercdrive.fr/image.ashx?id=2437199&use=l&cat=p&typeid=i","cat":284953},{"id":96089,"n":"Gel douche Manava Citron basilic - 250ml","p":1.15,"u":"4,60 €/L","img":"https://fd8-photos.leclercdrive.fr/image.ashx?id=2626823&use=l&cat=p&typeid=i","cat":284594},{"id":96091,"n":"Gel douche Manava Concombre aloe vera - 250ml","p":1.18,"u":"4,72 €/L","img":"https://fd8-photos.leclercdrive.fr/image.ashx?id=2626826&use=l&cat=p&typeid=i","cat":284594},{"id":96094,"n":"Gel douche Manava Mangue Acai - 250ml","p":1.15,"u":"4,60 €/L","img":"https://fd8-photos.leclercdrive.fr/image.ashx?id=2805036&use=l&cat=p&typeid=i","cat":284594},{"id":96095,"n":"Gel douche Manava Envolée de pétales - 250ml","p":1.15,"u":"4,60 €/L","img":"https://fd8-photos.leclercdrive.fr/image.ashx?id=1980232&use=l&cat=p&typeid=i","cat":284594},{"id":96096,"n":"Gel douche Manava Crumble fruits rouges - 250ml","p":1.29,"u":"5,16 €/L","img":"https://fd8-photos.leclercdrive.fr/image.ashx?id=2486464&use=l&cat=p&typeid=i","cat":284594},{"id":96097,"n":"Gel douche Manava Noisettes caramel - 250ml","p":1.3,"u":"5,20 €/L","img":"https://fd8-photos.leclercdrive.fr/image.ashx?id=2805039&use=l&cat=p&typeid=i","cat":284594},{"id":96122,"n":"Ecorces de paillage Terdor 10/25 - 50L","p":7.16,"u":"0,14 €/L","img":"https://fd8-photos.leclercdrive.fr/image.ashx?id=2090144&use=l&cat=p&typeid=i","cat":335919},{"id":96131,"n":"Soda Eco+ Gout orange - 1.5L","p":0.37,"u":"0,25 €/L","img":"https://fd8-photos.leclercdrive.fr/image.ashx?id=2741595&use=l&cat=p&typeid=i","cat":284532},{"id":96251,"n":"Kiwi rouge Barquette x4","p":4.49,"u":"1,12 €/P","img":"https://fd8-photos.leclercdrive.fr/image.ashx?id=1526255&use=l&cat=p&typeid=i","cat":284356},{"id":96284,"n":"Pois chiches - 3x130g","p":1.65,"u":"4,23 €/KG","img":"https://fd8-photos.leclercdrive.fr/image.ashx?id=3002626&use=l&cat=p&typeid=i","cat":312609},{"id":96287,"n":"Café San Marco Grains n°7 - 500g","p":15.03,"u":"30,06 €/KG","img":"https://fd8-photos.leclercdrive.fr/image.ashx?id=2322163&use=l&cat=p&typeid=i","cat":293237},{"id":96289,"n":"Biscuit apéritif ancel Sticks Bretzels Original - 300g","p":1.92,"u":"6,40 €/KG","img":"https://fd8-photos.leclercdrive.fr/image.ashx?id=2841196&use=l&cat=p&typeid=i","cat":297000},{"id":96290,"n":"Sucre en morceaux Beghin Say 1kg","p":2.5,"u":"2,50 €/KG","img":"https://fd8-photos.leclercdrive.fr/image.ashx?id=2866361&use=l&cat=p&typeid=i","cat":284502},{"id":96397,"n":"Compote Cool pomme Vitabio Bio - 12x90g","p":9.79,"u":"9,06 €/KG","img":"https://fd8-photos.leclercdrive.fr/image.ashx?id=2621393&use=l&cat=p&typeid=i","cat":284508},{"id":96398,"n":"Compote Cool pomme banane bio Vitabio - 12x90g","p":8.98,"u":"8,31 €/KG","img":"https://fd8-photos.leclercdrive.fr/image.ashx?id=2621420&use=l&cat=p&typeid=i","cat":284508},{"id":96416,"n":"Sauce soja Kikkoman 250ml","p":4.68,"u":"18,72 €/L","img":"https://fd8-photos.leclercdrive.fr/image.ashx?id=2544952&use=l&cat=p&typeid=i","cat":288992},{"id":96429,"n":"Plats Bio Poulet Bio Village Olives, boulgour quinoa - 300g","p":4.76,"u":"15,87 €/KG","img":"https://fd8-photos.leclercdrive.fr/image.ashx?id=2817169&use=l&cat=p&typeid=i","cat":284953},{"id":96777,"n":"Crème mains Inell Hydratante - 100ml","p":1.35,"u":"13,50 €/L","img":"https://fd8-photos.leclercdrive.fr/image.ashx?id=2515688&use=l&cat=p&typeid=i","cat":325354},{"id":96832,"n":"Mini viennoiseries Epi d'Or x12 - 372g","p":4.23,"u":"11,37 €/KG","img":"https://fd8-photos.leclercdrive.fr/image.ashx?id=1879302&use=l&cat=p&typeid=i","cat":288858},{"id":96935,"n":"Saumon fumé Ronde des Mers Ecosse x2T - 75g","p":3.99,"u":"53,20 €/KG","img":"https://fd8-photos.leclercdrive.fr/image.ashx?id=2823093&use=l&cat=p&typeid=i","cat":285188},{"id":96937,"n":"Saumon fumé Eco+ Norvège - 200g","p":4.65,"u":"23,25 €/KG","img":"https://fd8-photos.leclercdrive.fr/image.ashx?id=2794823&use=l&cat=p&typeid=i","cat":285188},{"id":96939,"n":"Emincés Saumon Bio Bio Village 100g","p":5.55,"u":"55,50 €/KG","img":"https://fd8-photos.leclercdrive.fr/image.ashx?id=2954118&use=l&cat=p&typeid=i","cat":285188},{"id":96959,"n":"Pains au chocolat Epi d'Or x6 - 450g","p":2.95,"u":"6,56 €/KG","img":"https://fd8-photos.leclercdrive.fr/image.ashx?id=1983598&use=l&cat=p&typeid=i","cat":284267},{"id":97033,"n":"Gel Bain douche Manava Fleur de cerisier - 500ml","p":1.88,"u":"3,76 €/L","img":"https://fd8-photos.leclercdrive.fr/image.ashx?id=2618356&use=l&cat=p&typeid=i","cat":284594},{"id":97044,"n":"Lames Gillette Skinguard Sensitive - x5","p":13.95,"u":"2,79 €/P","img":"https://fd8-photos.leclercdrive.fr/image.ashx?id=2083606&use=l&cat=p&typeid=i","cat":284616},{"id":97045,"n":"Thon entier Petit Navire Au naturel - 2x93g","p":3.21,"u":"17,26 €/KG","img":"https://fd8-photos.leclercdrive.fr/image.ashx?id=2961837&use=l&cat=p&typeid=i","cat":303867},{"id":97059,"n":"Poulet au curry bio Bio Village Riz quinoa sarrasin - 300g","p":2.99,"u":"9,97 €/KG","img":"https://fd8-photos.leclercdrive.fr/image.ashx?id=2622028&use=l&cat=p&typeid=i","cat":284953},{"id":97060,"n":"Tagada Haribo Sachet bonbons - 400g","p":1.95,"u":"4,88 €/KG","img":"https://fd8-photos.leclercdrive.fr/image.ashx?id=2801854&use=l&cat=p&typeid=i","cat":304250},{"id":97124,"n":"Manchons de poulet Eco+ 250g","p":2.03,"u":"8,12 €/KG","img":"https://fd8-photos.leclercdrive.fr/image.ashx?id=2742676&use=l&cat=p&typeid=i","cat":333685},{"id":97135,"n":"Lait bio Bio Village Brique Demi-écrémé UHT -  6x1L","p":6.3,"u":"1,05 €/L","img":"https://fd8-photos.leclercdrive.fr/image.ashx?id=2970030&use=l&cat=p&typeid=i","cat":284377},{"id":97341,"n":"Cartouches d'encre Esquisse Courtes - bleu - x60","p":1.84,"u":"0,03 €/P","img":"https://fd8-photos.leclercdrive.fr/image.ashx?id=1678721&use=l&cat=p&typeid=i","cat":284696},{"id":97360,"n":"Gyoza Ajinomoto Poulet & légumes - 212g","p":4.36,"u":"20,57 €/KG","img":"https://fd8-photos.leclercdrive.fr/image.ashx?id=2590327&use=l&cat=p&typeid=i","cat":319774},{"id":97362,"n":"Gyoza Ajinomoto Légumes avec sauce soja - 212g","p":4.31,"u":"20,33 €/KG","img":"https://fd8-photos.leclercdrive.fr/image.ashx?id=2590330&use=l&cat=p&typeid=i","cat":319774},{"id":97660,"n":"Céréales Jordans Country Crisp Chocolat Noir 70% - 850g","p":5.46,"u":"6,42 €/KG","img":"https://fd8-photos.leclercdrive.fr/image.ashx?id=2940336&use=l&cat=p&typeid=i","cat":309512},{"id":97662,"n":"Thé vert Twinings Menthe x25 - 38g","p":2.89,"u":"76,05 €/KG","img":"https://fd8-photos.leclercdrive.fr/image.ashx?id=2906763&use=l&cat=p&typeid=i","cat":293233},{"id":97667,"n":"Thé russian Twinings Earl grey x20 - 30g","p":2.17,"u":"72,33 €/KG","img":"https://fd8-photos.leclercdrive.fr/image.ashx?id=2878306&use=l&cat=p&typeid=i","cat":293233},{"id":97671,"n":"Thé russian Earl Grey Twinings 150g","p":6.53,"u":"43,53 €/KG","img":"https://fd8-photos.leclercdrive.fr/image.ashx?id=2950729&use=l&cat=p&typeid=i","cat":293233},{"id":97673,"n":"Thé Darjeeling Twinings Sachet - x25 - 50g","p":3.13,"u":"62,60 €/KG","img":"https://fd8-photos.leclercdrive.fr/image.ashx?id=2922116&use=l&cat=p&typeid=i","cat":293233},{"id":97677,"n":"Thé Twinings English breakfast x25 - 40g","p":2.85,"u":"71,25 €/KG","img":"https://fd8-photos.leclercdrive.fr/image.ashx?id=2893027&use=l&cat=p&typeid=i","cat":293233},{"id":97678,"n":"Céréales Jordans Country Crisp 4 Baies - 550g","p":3.48,"u":"6,33 €/KG","img":"https://fd8-photos.leclercdrive.fr/image.ashx?id=2997205&use=l&cat=p&typeid=i","cat":309512},{"id":97713,"n":"Soda Tonic Sprink's 6x33cl","p":2.49,"u":"1,26 €/L","img":"https://fd8-photos.leclercdrive.fr/image.ashx?id=2913757&use=l&cat=p&typeid=i","cat":284531},{"id":97832,"n":"Foie gras canard IGP Sud-Ouest Nos Régions ont du Talent 80g","p":7.99,"u":"99,88 €/KG","img":"https://fd8-photos.leclercdrive.fr/image.ashx?id=2743888&use=l&cat=p&typeid=i","cat":316008},{"id":97849,"n":"Semelles Gel Soft Femme Talons Quotidiens - 1 paire","p":17.6,"img":"https://fd8-photos.leclercdrive.fr/image.ashx?id=2226289&use=l&cat=p&typeid=i","cat":325354},{"id":98098,"n":"Liquide vaisselle Visior Antiodeur - 500ml","p":0.64,"u":"1,28 €/L","img":"https://fd8-photos.leclercdrive.fr/image.ashx?id=2951122&use=l&cat=p&typeid=i","cat":284655},{"id":98114,"n":"Serviettes Doulys Normal+ Teenage - x14","p":1.29,"u":"0,09 €/P","img":"https://fd8-photos.leclercdrive.fr/image.ashx?id=2839938&use=l&cat=p&typeid=i","cat":284624},{"id":98251,"n":"Liquide Vaisselle Brillance  VISIOR - 500ml","p":0.64,"u":"1,28 €/L","img":"https://fd8-photos.leclercdrive.fr/image.ashx?id=2951125&use=l&cat=p&typeid=i","cat":284655},{"id":98252,"n":"Liquide vaisselle Visior Antibactérien - 500ml","p":0.64,"u":"1,28 €/L","img":"https://fd8-photos.leclercdrive.fr/image.ashx?id=2951131&use=l&cat=p&typeid=i","cat":284655},{"id":98253,"n":"Liquide vaisselle Visior Désincrustant sel - 500ml","p":0.64,"u":"1,28 €/L","img":"https://fd8-photos.leclercdrive.fr/image.ashx?id=2951128&use=l&cat=p&typeid=i","cat":284655},{"id":98280,"n":"Sucre profil pack Daddy Fleur de coco Bio - 230g","p":1.79,"u":"7,78 €/KG","img":"https://fd8-photos.leclercdrive.fr/image.ashx?id=2936080&use=l&cat=p&typeid=i","cat":284502},{"id":98417,"n":"Liquide vaisselle floral Visior 500ml","p":0.64,"u":"1,28 €/L","img":"https://fd8-photos.leclercdrive.fr/image.ashx?id=2951134&use=l&cat=p&typeid=i","cat":284655},{"id":98422,"n":"Pavés de Saumon Bio Bio Village 200g","p":8.59,"u":"42,95 €/KG","img":"https://fd8-photos.leclercdrive.fr/image.ashx?id=2934802&use=l&cat=p&typeid=i","cat":319786},{"id":98438,"n":"Kiwis Bio Bio Village x6","p":3.49,"u":"0,58 €/P","img":"https://fd8-photos.leclercdrive.fr/image.ashx?id=2556443&use=l&cat=p&typeid=i","cat":284356},{"id":98440,"n":"Rôti de porc Fleury Michon -25% sel sans nitrite x4 - 160g","p":3.49,"u":"21,81 €/KG","img":"https://fd8-photos.leclercdrive.fr/image.ashx?id=2334569&use=l&cat=p&typeid=i","cat":316009},{"id":98443,"n":"Soda Coca-Cola Original Bouteille - Pack 6x1L","p":11.25,"u":"1,88 €/L","img":"https://fd8-photos.leclercdrive.fr/image.ashx?id=2830897&use=l&cat=p&typeid=i","cat":284530},{"id":98468,"n":"Yaourt à la grecque Délisse Vanille - 8x125g","p":3.59,"u":"3,59 €/KG","img":"https://fd8-photos.leclercdrive.fr/image.ashx?id=2699738&use=l&cat=p&typeid=i","cat":314999},{"id":98475,"n":"Blé soja haricots Céréal Bio  Façon Chili bio -220g","p":1.84,"u":"8,36 €/KG","img":"https://fd8-photos.leclercdrive.fr/image.ashx?id=2575096&use=l&cat=p&typeid=i","cat":287600},{"id":98630,"n":"Compotes Douceur du Verger Panachées - x16","p":4.11,"u":"0,26 €/P","img":"https://fd8-photos.leclercdrive.fr/image.ashx?id=1693241&use=l&cat=p&typeid=i","cat":284416},{"id":98632,"n":"Poêlée  tagliatelle Côté Table Fruit de mer - 900g","p":6.55,"u":"7,28 €/KG","img":"https://fd8-photos.leclercdrive.fr/image.ashx?id=2754895&use=l&cat=p&typeid=i","cat":284254},{"id":98703,"n":"Diffuseur Sense & Spray Glade Sea Minerals Magnolia","p":7.95,"u":"Dont 0,02 € d'éco-part.","img":"https://fd8-photos.leclercdrive.fr/image.ashx?id=1649337&use=l&cat=p&typeid=i","cat":311629},{"id":98728,"n":"Frixion-ball Pilot Noir - + Recharge + Fineliner","p":8.5,"img":"https://fd8-photos.leclercdrive.fr/image.ashx?id=2935969&use=l&cat=p&typeid=i","cat":284696},{"id":98729,"n":"Petits pois Bonduelle Extra fondant - 750g","p":3.54,"u":"4,72 €/KG","img":"https://fd8-photos.leclercdrive.fr/image.ashx?id=2910037&use=l&cat=p&typeid=i","cat":319805},{"id":98743,"n":"Recharges Pilot Rouge - Frixion Ball Clicker x3","p":3.59,"img":"https://fd8-photos.leclercdrive.fr/image.ashx?id=2526764&use=l&cat=p&typeid=i","cat":284696},{"id":98745,"n":"Recharges Pilot Vert - Frixion Ball Clicker x3","p":3.59,"img":"https://fd8-photos.leclercdrive.fr/image.ashx?id=2939298&use=l&cat=p&typeid=i","cat":284696},{"id":98807,"n":"Purée fruit bébé Blédina 6 mois Pomme cerise vanille - 4x100g","p":1.99,"u":"4,98 €/KG","img":"https://fd8-photos.leclercdrive.fr/image.ashx?id=2983024&use=l&cat=p&typeid=i","cat":312388},{"id":98811,"n":"Comprimé antibactérien Polident x36","p":2.75,"u":"0,08 €/P","img":"https://fd8-photos.leclercdrive.fr/image.ashx?id=2303843&use=l&cat=p&typeid=i","cat":285158},{"id":98813,"n":"Dentifrice Parodontax Soin blancheur - 75ml","p":3.64,"u":"48,53 €/L","img":"https://fd8-photos.leclercdrive.fr/image.ashx?id=2606391&use=l&cat=p&typeid=i","cat":284612},{"id":98821,"n":"Brosse à dent Parodontax Soin nettoyage souple - X1","p":3.4,"img":"https://fd8-photos.leclercdrive.fr/image.ashx?id=2489737&use=l&cat=p&typeid=i","cat":284614},{"id":98822,"n":"Purée fruit bébé Blédina 6 mois Pomme kiwi ananas - 4x100g","p":1.48,"u":"3,70 €/KG","img":"https://fd8-photos.leclercdrive.fr/image.ashx?id=2983030&use=l&cat=p&typeid=i","cat":312388},{"id":98827,"n":"Cube néon rose Post-it 325 feuilles 76mmx76mm","p":2.36,"img":"https://fd8-photos.leclercdrive.fr/image.ashx?id=2850150&use=l&cat=p&typeid=i","cat":334133},{"id":98828,"n":"Purée fruit bébé Blédina 6 mois Pomme poire mandarine - 4x100g","p":1.72,"u":"4,30 €/KG","img":"https://fd8-photos.leclercdrive.fr/image.ashx?id=2983033&use=l&cat=p&typeid=i","cat":312388},{"id":98831,"n":"Purée fruit bébé Blédina 6 mois Harmonie de fruits - 4x100g","p":1.89,"u":"4,73 €/KG","img":"https://fd8-photos.leclercdrive.fr/image.ashx?id=2983036&use=l&cat=p&typeid=i","cat":312388},{"id":98834,"n":"Purée fruit bébé Blédina 6 mois Pomme mangue passion - 4x100g","p":2.01,"u":"5,03 €/KG","img":"https://fd8-photos.leclercdrive.fr/image.ashx?id=2983039&use=l&cat=p&typeid=i","cat":312388},{"id":98839,"n":"Set de 100 mini Post-it Marque pages 5 couleurs","p":2.06,"img":"https://fd8-photos.leclercdrive.fr/image.ashx?id=1866940&use=l&cat=p&typeid=i","cat":334133},{"id":98872,"n":"Boisson Thé Glacé FuzeTea Mangue Camomille - 1,25L","p":1.63,"u":"1,30 €/L","img":"https://fd8-photos.leclercdrive.fr/image.ashx?id=2997220&use=l&cat=p&typeid=i","cat":295019},{"id":98875,"n":"Thé glacé Fuze Tea  Pêche Hibiscus - 1,25L","p":1.65,"u":"1,32 €/L","img":"https://fd8-photos.leclercdrive.fr/image.ashx?id=2940393&use=l&cat=p&typeid=i","cat":295019},{"id":98911,"n":"IGP Pays d'Oc rouge Roche Mazet Les Accords -75cl","p":4.03,"u":"5,37 €/L","img":"https://fd8-photos.leclercdrive.fr/image.ashx?id=2748284&use=l&cat=p&typeid=i","cat":289556},{"id":98942,"n":"Crème fouettée allégée Isigny 20%mg - 250g","p":2.64,"u":"10,56 €/KG","img":"https://fd8-photos.leclercdrive.fr/image.ashx?id=2962563&use=l&cat=p&typeid=i","cat":284382},{"id":98949,"n":"Pétillant Cava Revesco Brut Rosé - Espagne - 75cl","p":4.49,"u":"5,99 €/L","img":"https://fd8-photos.leclercdrive.fr/image.ashx?id=1986142&use=l&cat=p&typeid=i","cat":289461},{"id":99045,"n":"Ravioli bio au blé complet Rana Épinards, Ricotta - 250g","p":2.12,"u":"8,48 €/KG","img":"https://fd8-photos.leclercdrive.fr/image.ashx?id=2439878&use=l&cat=p&typeid=i","cat":333682},{"id":99177,"n":"Poussin Copains Copines Chocolat avec oeufs - 175g","p":3.99,"u":"22,80 €/KG","img":"https://fd8-photos.leclercdrive.fr/image.ashx?id=2246310&use=l&cat=p&typeid=i","cat":284958},{"id":99192,"n":"Nouilles japonaises Tanoshi Saveur crevette Yosenabe -2x65g","p":3.01,"u":"23,15 €/KG","img":"https://fd8-photos.leclercdrive.fr/image.ashx?id=1627155&use=l&cat=p&typeid=i","cat":288992},{"id":99198,"n":"Nouilles japonaises Tanoshi Saveur porc Tonkotsu - 2x65g","p":3.03,"u":"23,31 €/KG","img":"https://fd8-photos.leclercdrive.fr/image.ashx?id=1627161&use=l&cat=p&typeid=i","cat":288992},{"id":99200,"n":"Nouilles japonaises Tanoshi Saveur Poulet Shiitake - 2x65g","p":3.07,"u":"23,62 €/KG","img":"https://fd8-photos.leclercdrive.fr/image.ashx?id=2922992&use=l&cat=p&typeid=i","cat":288992},{"id":99201,"n":"Nouilles japonaises Tanoshi Saveur Curry épice - 2x65g","p":3.07,"u":"23,62 €/KG","img":"https://fd8-photos.leclercdrive.fr/image.ashx?id=2922995&use=l&cat=p&typeid=i","cat":288992},{"id":99216,"n":"Beurre Elle&Vire Condé sur Vire Doux - 82% MG - 250g","p":3.19,"u":"12,76 €/KG","img":"https://fd8-photos.leclercdrive.fr/image.ashx?id=2811131&use=l&cat=p&typeid=i","cat":284379},{"id":99248,"n":"Bouillon Kub Or Maggi 32 cubes - 128g","p":1.21,"u":"9,45 €/KG","img":"https://fd8-photos.leclercdrive.fr/image.ashx?id=2692737&use=l&cat=p&typeid=i","cat":288379},{"id":99502,"n":"Calmars à l'encre L'origine du goût - 115g","p":4.6,"u":"40,00 €/KG","img":"https://fd8-photos.leclercdrive.fr/image.ashx?id=1670012&use=l&cat=p&typeid=i","cat":285340},{"id":99526,"n":"Dentifrice Soin Sanogyl Essence Blancheur - 2x75ml","p":7.2,"u":"48,00 €/L","img":"https://fd8-photos.leclercdrive.fr/image.ashx?id=2335631&use=l&cat=p&typeid=i","cat":284612},{"id":99545,"n":"Mogettes bio Bio VIllage 215g","p":1.73,"u":"8,05 €/KG","img":"https://fd8-photos.leclercdrive.fr/image.ashx?id=3002680&use=l&cat=p&typeid=i","cat":312606},{"id":99547,"n":"Haricots rouge Bio Village Bio - 205g","p":2.31,"u":"11,27 €/KG","img":"https://fd8-photos.leclercdrive.fr/image.ashx?id=3002686&use=l&cat=p&typeid=i","cat":312606},{"id":99553,"n":"Pois chiche Bio VIllage Bio - 215g","p":2.1,"u":"9,77 €/KG","img":"https://fd8-photos.leclercdrive.fr/image.ashx?id=3002683&use=l&cat=p&typeid=i","cat":312609},{"id":99555,"n":"Lentilles Bio Village Bio - 215g","p":2.04,"u":"9,49 €/KG","img":"https://fd8-photos.leclercdrive.fr/image.ashx?id=1947752&use=l&cat=p&typeid=i","cat":312609},{"id":99562,"n":"Haricots verts Eco  Très fins - 440g","p":1.02,"u":"2,32 €/KG","img":"https://fd8-photos.leclercdrive.fr/image.ashx?id=3003723&use=l&cat=p&typeid=i","cat":312606},{"id":99563,"n":"Brosse à dent Colgate Clinical 150 à pile - 1 pièce","p":15.31,"img":"https://fd8-photos.leclercdrive.fr/image.ashx?id=1634687&use=l&cat=p&typeid=i","cat":297133},{"id":99564,"n":"Haricots Blancs à la tomate 800g","p":1.0,"u":"1,89 €/KG","img":"https://fd8-photos.leclercdrive.fr/image.ashx?id=3003735&use=l&cat=p&typeid=i","cat":312606},{"id":99570,"n":"Ratatouille Eco+ 750g","p":1.08,"u":"1,44 €/KG","img":"https://fd8-photos.leclercdrive.fr/image.ashx?id=2703446&use=l&cat=p&typeid=i","cat":312612},{"id":99574,"n":"Poêlée savoyarde  900g","p":4.06,"u":"4,51 €/KG","img":"https://fd8-photos.leclercdrive.fr/image.ashx?id=2478931&use=l&cat=p&typeid=i","cat":319823},{"id":99587,"n":"Spécialité au soja Nat&Vie Pistache - 4x100g","p":1.41,"u":"3,53 €/KG","img":"https://fd8-photos.leclercdrive.fr/image.ashx?id=2901473&use=l&cat=p&typeid=i","cat":316071},{"id":99696,"n":"Rouge à lèvres Ultra HD Revlon Matte 655 Kisses","p":5.96,"img":"https://fd8-photos.leclercdrive.fr/image.ashx?id=1675287&use=l&cat=p&typeid=i","cat":287029},{"id":99703,"n":"Eau micellaire Diadermine Hydratant - 400ml","p":6.32,"u":"15,80 €/L","img":"https://fd8-photos.leclercdrive.fr/image.ashx?id=2549624&use=l&cat=p&typeid=i","cat":284603},{"id":99734,"n":"Capsules café L'Or Espresso Or Absolu N°9 x20","p":7.55,"u":"72,60 €/KG","img":"https://fd8-photos.leclercdrive.fr/image.ashx?id=2859971&use=l&cat=p&typeid=i","cat":284749},{"id":99788,"n":"Capsules café L'Or Espresso Lungo Profondo N°8 x20","p":7.15,"u":"68,75 €/KG","img":"https://fd8-photos.leclercdrive.fr/image.ashx?id=3005796&use=l&cat=p&typeid=i","cat":284749},{"id":99880,"n":"Crème Visage Jour FPS 30 Nivea Anti-rides Cellular - 50ml","p":17.5,"u":"350,00 €/L","img":"https://fd8-photos.leclercdrive.fr/image.ashx?id=2298775&use=l&cat=p&typeid=i","cat":325345},{"id":99913,"n":"Lotus Biscoff Speculoos Chocolat noir - 162g (6x2p)","p":1.75,"u":"10,80 €/KG","img":"https://fd8-photos.leclercdrive.fr/image.ashx?id=2672521&use=l&cat=p&typeid=i","cat":284487},{"id":99922,"n":"Lait de douche Manava Framboise - 250ml","p":0.94,"u":"3,76 €/L","img":"https://fd8-photos.leclercdrive.fr/image.ashx?id=2618353&use=l&cat=p&typeid=i","cat":284594},{"id":99926,"n":"Glace minicup Haagen-Dazs Favorite Selection x4 - 318g","p":4.59,"u":"14,43 €/KG","img":"https://fd8-photos.leclercdrive.fr/image.ashx?id=2893495&use=l&cat=p&typeid=i","cat":284725},{"id":99965,"n":"Biscuit speculoos Lotus Biscoff 750g (6x125g)","p":4.95,"u":"6,60 €/KG","img":"https://fd8-photos.leclercdrive.fr/image.ashx?id=2693818&use=l&cat=p&typeid=i","cat":284487},{"id":99967,"n":"Pois chiches bio Jardin Bio Au naturel - 420g","p":1.64,"u":"3,90 €/KG","img":"https://fd8-photos.leclercdrive.fr/image.ashx?id=2971215&use=l&cat=p&typeid=i","cat":312609},{"id":99973,"n":"Biscuits petit déjeuner Belvita Moelleux fruits rouges - 250g","p":2.89,"u":"11,56 €/KG","img":"https://fd8-photos.leclercdrive.fr/image.ashx?id=3005329&use=l&cat=p&typeid=i","cat":284491},{"id":100017,"n":"Pain de mie Jacquet Maxi sans sucres ajoutés - 550g","p":1.55,"u":"2,82 €/KG","img":"https://fd8-photos.leclercdrive.fr/image.ashx?id=2935705&use=l&cat=p&typeid=i","cat":284477},{"id":100220,"n":"Gnocchi à poêler Lustucru Extra Raclette - 280g","p":2.89,"u":"10,32 €/KG","img":"https://fd8-photos.leclercdrive.fr/image.ashx?id=2786177&use=l&cat=p&typeid=i","cat":333682},{"id":100250,"n":"Yaourt nature sucré Kit-Kat Billes chocolat - 4x115g","p":2.99,"u":"6,50 €/KG","img":"https://fd8-photos.leclercdrive.fr/image.ashx?id=2875954&use=l&cat=p&typeid=i","cat":284414},{"id":100311,"n":"Piles Duracell - AAA/LR03 Plus power - 2x12","p":21.24,"img":"https://fd8-photos.leclercdrive.fr/image.ashx?id=1847773&use=l&cat=p&typeid=i","cat":300572},{"id":100334,"n":"Gel bain douche Manava Coton macadamia - 500ml","p":1.88,"u":"3,76 €/L","img":"https://fd8-photos.leclercdrive.fr/image.ashx?id=1644734&use=l&cat=p&typeid=i","cat":284594},{"id":100349,"n":"Bain de bouche Parodontax Menthe douce - 500ml","p":5.51,"u":"11,02 €/L","img":"https://fd8-photos.leclercdrive.fr/image.ashx?id=2485982&use=l&cat=p&typeid=i","cat":284613},{"id":100352,"n":"Poudre fondante L'Oréal Paris Accord Parfait 2R Vanille rosé","p":15.73,"img":"https://fd8-photos.leclercdrive.fr/image.ashx?id=2395547&use=l&cat=p&typeid=i","cat":287029},{"id":100453,"n":"Copies doubles perforées Oxford 21x29.7cm 90g Seyes 400pages","p":5.98,"img":"https://fd8-photos.leclercdrive.fr/image.ashx?id=2752780&use=l&cat=p&typeid=i","cat":284697},{"id":100457,"n":"Feuilles simples Oxford x400 feuilles - 21x29.7cm","p":5.86,"img":"https://fd8-photos.leclercdrive.fr/image.ashx?id=2750300&use=l&cat=p&typeid=i","cat":284697},{"id":100589,"n":"Gateaux au yaourt P'tit Déli Talonne chocolat - 210g","p":2.49,"u":"11,86 €/KG","img":"https://fd8-photos.leclercdrive.fr/image.ashx?id=1981526&use=l&cat=p&typeid=i","cat":294776},{"id":100594,"n":"Petit pois carotte Bio Village Bio - 215g","p":1.63,"u":"7,58 €/KG","img":"https://fd8-photos.leclercdrive.fr/image.ashx?id=3002692&use=l&cat=p&typeid=i","cat":312607},{"id":100595,"n":"Papier toilette Uni Vert Blanc 3 plis recyclés - x6","p":2.34,"u":"0,39 €/P","img":"https://fd8-photos.leclercdrive.fr/image.ashx?id=2571938&use=l&cat=p&typeid=i","cat":284634},{"id":100596,"n":"Petits pois fins Bio Village Bio - 230g","p":1.81,"u":"7,87 €/KG","img":"https://fd8-photos.leclercdrive.fr/image.ashx?id=3002689&use=l&cat=p&typeid=i","cat":312607},{"id":100604,"n":"Pur jus Bio Village Pomme mangue Bio - 1L","p":3.75,"u":"3,75 €/L","img":"https://fd8-photos.leclercdrive.fr/image.ashx?id=2901551&use=l&cat=p&typeid=i","cat":284917},{"id":100616,"n":"Jus pomme pétillant Bio Village Bio sans alcool - 75cl","p":2.08,"u":"2,77 €/L","img":"https://fd8-photos.leclercdrive.fr/image.ashx?id=2052277&use=l&cat=p&typeid=i","cat":289460},{"id":100618,"n":"Pur jus Bio Village Bio Pomme poire - 1L","p":4.17,"u":"4,17 €/L","img":"https://fd8-photos.leclercdrive.fr/image.ashx?id=2901554&use=l&cat=p&typeid=i","cat":284522},{"id":100670,"n":"Nectar Cidou Pomme douce - 1.75L","p":1.63,"u":"0,93 €/L","img":"https://fd8-photos.leclercdrive.fr/image.ashx?id=2342505&use=l&cat=p&typeid=i","cat":284522},{"id":100673,"n":"Soda Coca-Cola sans sucres Bouteilles - 6x1L","p":8.1,"u":"1,35 €/L","img":"https://fd8-photos.leclercdrive.fr/image.ashx?id=2178352&use=l&cat=p&typeid=i","cat":284530},{"id":100705,"n":"Tartine Petit dejeuner Jacquet 410g","p":1.65,"u":"4,02 €/KG","img":"https://fd8-photos.leclercdrive.fr/image.ashx?id=2991855&use=l&cat=p&typeid=i","cat":284477},{"id":100712,"n":"Cartouches d'encre Parker Longues - Quink bleues x10","p":3.99,"img":"https://fd8-photos.leclercdrive.fr/image.ashx?id=1870495&use=l&cat=p&typeid=i","cat":284696},{"id":100716,"n":"Feutres d'écriture Papermate Candy Pop  -x16","p":14.9,"pp":8.94,"u":"0,56 €/P","img":"https://fd8-photos.leclercdrive.fr/image.ashx?id=1874327&use=l&cat=p&typeid=i","cat":284696},{"id":100717,"n":"Feutres d'écriture Papermate Flair - x16","p":14.9,"pp":8.94,"u":"0,56 €/P","img":"https://fd8-photos.leclercdrive.fr/image.ashx?id=1852149&use=l&cat=p&typeid=i","cat":284696},{"id":100725,"n":"Pain de mie La Boulangère Toastiligne Aux céréales - 500g","p":1.65,"u":"3,30 €/KG","img":"https://fd8-photos.leclercdrive.fr/image.ashx?id=2912401&use=l&cat=p&typeid=i","cat":284477},{"id":100756,"n":"Nettoyant multi-usages Rainett Ecolabel citron vert - 1L","p":1.61,"u":"1,61 €/L","img":"https://fd8-photos.leclercdrive.fr/image.ashx?id=2312218&use=l&cat=p&typeid=i","cat":284907},{"id":100790,"n":"Kit fajitas Old El Paso tomates poivrons - 500g","p":5.45,"u":"10,90 €/KG","img":"https://fd8-photos.leclercdrive.fr/image.ashx?id=2764628&use=l&cat=p&typeid=i","cat":288993},{"id":100792,"n":"Wraps Old El Paso de blé complet x6 - 350g","p":3.15,"u":"9,00 €/KG","img":"https://fd8-photos.leclercdrive.fr/image.ashx?id=2940573&use=l&cat=p&typeid=i","cat":288993},{"id":100813,"n":"Paillis d'ardoises 18L - 22kg","p":7.69,"u":"0,35 €/KG","img":"https://fd8-photos.leclercdrive.fr/image.ashx?id=2162537&use=l&cat=p&typeid=i","cat":335919},{"id":100815,"n":"Cartouches d'encre Waterman Longues - Bleu - x32","p":4.59,"img":"https://fd8-photos.leclercdrive.fr/image.ashx?id=1781471&use=l&cat=p&typeid=i","cat":284696},{"id":100979,"n":"Chocolat au lait Lindt Création Le Rocher lait - 150g","p":3.05,"u":"20,33 €/KG","img":"https://fd8-photos.leclercdrive.fr/image.ashx?id=2685805&use=l&cat=p&typeid=i","cat":284497},{"id":100981,"n":"Courgettes Cuisinées Cassegrain à la Provençale 375g","p":3.05,"u":"8,13 €/KG","img":"https://fd8-photos.leclercdrive.fr/image.ashx?id=2977951&use=l&cat=p&typeid=i","cat":312612},{"id":100989,"n":"Céréales Trésor de Kellogg's Choco Roulette - 620g","p":4.61,"u":"7,44 €/KG","img":"https://fd8-photos.leclercdrive.fr/image.ashx?id=2598337&use=l&cat=p&typeid=i","cat":309513},{"id":100991,"n":"Céréales Trésor de Kellogg's Chocolat Noisettes - 410g","p":3.14,"u":"7,66 €/KG","img":"https://fd8-photos.leclercdrive.fr/image.ashx?id=2584238&use=l&cat=p&typeid=i","cat":309513},{"id":101056,"n":"Adoucissant concentré Hyperdou Rosée du matin - 750ml","p":1.99,"u":"2,65 €/L","img":"https://fd8-photos.leclercdrive.fr/image.ashx?id=2602910&use=l&cat=p&typeid=i","cat":284650},{"id":101058,"n":"Adoucissant concentré Hyperdou Passion tropicale - 750ml","p":1.99,"u":"2,65 €/L","img":"https://fd8-photos.leclercdrive.fr/image.ashx?id=2683565&use=l&cat=p&typeid=i","cat":284650},{"id":101059,"n":"Adoucissant concentré Hyperdou Couché soleil - 750ml","p":1.99,"u":"2,65 €/L","img":"https://fd8-photos.leclercdrive.fr/image.ashx?id=2602943&use=l&cat=p&typeid=i","cat":284650},{"id":101078,"n":"Crème glacée Ben&Jerry's Fan favourites - 4x100ml","p":6.42,"u":"16,05 €/L","img":"https://fd8-photos.leclercdrive.fr/image.ashx?id=3009275&use=l&cat=p&typeid=i","cat":284725},{"id":101080,"n":"Pot crème glacée Ben& Jerry's Cookie/Brownie 4 x 100ml","p":6.45,"u":"16,13 €/L","img":"https://fd8-photos.leclercdrive.fr/image.ashx?id=2657012&use=l&cat=p&typeid=i","cat":284725},{"id":101099,"n":"Feuille de chêne Les Crudettes 200g","p":2.29,"u":"11,45 €/KG","img":"https://fd8-photos.leclercdrive.fr/image.ashx?id=2285501&use=l&cat=p&typeid=i","cat":284353},{"id":101115,"n":"Céréales Trésor de Kellogg's Chocolat au Lait - 410g","p":3.19,"u":"7,78 €/KG","img":"https://fd8-photos.leclercdrive.fr/image.ashx?id=2584241&use=l&cat=p&typeid=i","cat":309513},{"id":101126,"n":"Bière blonde Grimbergen Pale Ale 5,5° - 6x25cl","p":6.09,"u":"4,06 €/L","img":"https://fd8-photos.leclercdrive.fr/image.ashx?id=2312801&use=l&cat=p&typeid=i","cat":334852},{"id":101231,"n":"Le Gourmand Garden Gourmet Soja, Poivre et Persil 160g","p":2.57,"u":"16,06 €/KG","img":"https://fd8-photos.leclercdrive.fr/image.ashx?id=2988683&use=l&cat=p&typeid=i","cat":316036},{"id":101268,"n":"Citronnade Andros - 1l","p":1.36,"u":"1,36 €/L","img":"https://fd8-photos.leclercdrive.fr/image.ashx?id=2882869&use=l&cat=p&typeid=i","cat":285435},{"id":101269,"n":"Mojito sans alcool  Andros - 1L","p":1.56,"u":"1,56 €/L","img":"https://fd8-photos.leclercdrive.fr/image.ashx?id=2882878&use=l&cat=p&typeid=i","cat":284549},{"id":101288,"n":"Mousse végétal Andros Chocolat - 4x55g","p":3.15,"u":"14,32 €/KG","img":"https://fd8-photos.leclercdrive.fr/image.ashx?id=2963433&use=l&cat=p&typeid=i","cat":316071},{"id":101291,"n":"Compotée Bonne Maman Pêche/Abricot/Verveine - 260g","p":1.98,"u":"7,62 €/KG","img":"https://fd8-photos.leclercdrive.fr/image.ashx?id=2874039&use=l&cat=p&typeid=i","cat":284416},{"id":101312,"n":"Serviettes Kraft Homeside 40x40cm - x20","p":2.65,"u":"0,13 €/P","img":"https://fd8-photos.leclercdrive.fr/image.ashx?id=1664429&use=l&cat=p&typeid=i","cat":334134},{"id":101317,"n":"Assiettes plates kraft Homeside 18cm - x50","p":3.01,"u":"0,06 €/P","img":"https://fd8-photos.leclercdrive.fr/image.ashx?id=1660522&use=l&cat=p&typeid=i","cat":334134},{"id":101324,"n":"Assiettes plates kraft Homeside 23cm - x50","p":3.64,"u":"0,07 €/P","img":"https://fd8-photos.leclercdrive.fr/image.ashx?id=1660519&use=l&cat=p&typeid=i","cat":334134},{"id":101348,"n":"Barres Chocolatées KINDER BUENO  Chocolat au Lait x12 - 516g","p":9.64,"u":"18,68 €/KG","img":"https://fd8-photos.leclercdrive.fr/image.ashx?id=2402946&use=l&cat=p&typeid=i","cat":284498},{"id":101350,"n":"liégeois vanille danette - 4x100g","p":1.59,"u":"3,98 €/KG","img":"https://fd8-photos.leclercdrive.fr/image.ashx?id=2907848&use=l&cat=p&typeid=i","cat":285042},{"id":101351,"n":"Liégeois chocolat Danette - 4x100g","p":1.49,"u":"3,73 €/KG","img":"https://fd8-photos.leclercdrive.fr/image.ashx?id=2907845&use=l&cat=p&typeid=i","cat":285042},{"id":101352,"n":"Crème dessert Danette  Chocolat - 6x125g","p":1.92,"u":"2,56 €/KG","img":"https://fd8-photos.leclercdrive.fr/image.ashx?id=2915395&use=l&cat=p&typeid=i","cat":285041},{"id":101415,"n":"Couteaux en bois Homeside x20","p":1.38,"u":"0,07 €/P","img":"https://fd8-photos.leclercdrive.fr/image.ashx?id=1663736&use=l&cat=p&typeid=i","cat":334134},{"id":101426,"n":"Serviettes 3 plis Homeside noires - 40cm - x20","p":1.39,"u":"0,07 €/P","img":"https://fd8-photos.leclercdrive.fr/image.ashx?id=1660205&use=l&cat=p&typeid=i","cat":334134},{"id":101428,"n":"Serviettes 3 plis Homeside Noires - 33cm - x50","p":1.99,"u":"0,04 €/P","img":"https://fd8-photos.leclercdrive.fr/image.ashx?id=1659762&use=l&cat=p&typeid=i","cat":334134},{"id":101456,"n":"Barres Chocolatées KINDER Maxi Chocolat au Lait x18 - 378g","p":5.45,"u":"14,42 €/KG","img":"https://fd8-photos.leclercdrive.fr/image.ashx?id=2673854&use=l&cat=p&typeid=i","cat":284498},{"id":101461,"n":"Pâtes Collezione Barilla Fusilli Bucati Corti - 500g","p":1.69,"u":"3,38 €/KG","img":"https://fd8-photos.leclercdrive.fr/image.ashx?id=2991003&use=l&cat=p&typeid=i","cat":284427},{"id":101467,"n":"Nappe damassée Homeside Noire - 7m","p":2.96,"img":"https://fd8-photos.leclercdrive.fr/image.ashx?id=1659759&use=l&cat=p&typeid=i","cat":334134},{"id":101473,"n":"Petit Pois, Carotte Cassegrain Tendre et Fondant 265g","p":1.78,"u":"6,72 €/KG","img":"https://fd8-photos.leclercdrive.fr/image.ashx?id=2951692&use=l&cat=p&typeid=i","cat":312607},{"id":101476,"n":"Saladière mexicana Saupiquet 220g","p":1.83,"u":"8,32 €/KG","img":"https://fd8-photos.leclercdrive.fr/image.ashx?id=2857042&use=l&cat=p&typeid=i","cat":284437},{"id":101480,"n":"Filets de thon Saupiquet Au citron - 115g","p":1.94,"u":"16,87 €/KG","img":"https://fd8-photos.leclercdrive.fr/image.ashx?id=2846370&use=l&cat=p&typeid=i","cat":303867},{"id":101482,"n":"Ruban Papier Dymo 12mm x 4mm - 1 pièce","p":5.62,"img":"https://fd8-photos.leclercdrive.fr/image.ashx?id=2509757&use=l&cat=p&typeid=i","cat":334133},{"id":101483,"n":"Tablette chocolat Côte d'Or Chocolat noir 70% - 100g","p":2.0,"u":"20,00 €/KG","img":"https://fd8-photos.leclercdrive.fr/image.ashx?id=2985591&use=l&cat=p&typeid=i","cat":284956},{"id":101502,"n":"Crème dessert Danette Vanille - 4x125g","p":1.56,"u":"3,12 €/KG","img":"https://fd8-photos.leclercdrive.fr/image.ashx?id=2029487&use=l&cat=p&typeid=i","cat":285041},{"id":101505,"n":"Jus de pruneaux Bio Village Bio - 1L","p":3.99,"u":"3,99 €/L","img":"https://fd8-photos.leclercdrive.fr/image.ashx?id=2901560&use=l&cat=p&typeid=i","cat":284915},{"id":101506,"n":"Boisson Cranberry  Bio Village   Bio - 1L","p":3.55,"u":"3,55 €/L","img":"https://fd8-photos.leclercdrive.fr/image.ashx?id=2958774&use=l&cat=p&typeid=i","cat":284915},{"id":101553,"n":"Coeur de laitue  Les Crudettes - 300g","p":2.85,"u":"9,50 €/KG","img":"https://fd8-photos.leclercdrive.fr/image.ashx?id=2285489&use=l&cat=p&typeid=i","cat":284353},{"id":101564,"n":"chocolat noir alter eco   republique dominicaine bio 100g","p":2.99,"u":"29,90 €/KG","img":"https://fd8-photos.leclercdrive.fr/image.ashx?id=2906556&use=l&cat=p&typeid=i","cat":284956},{"id":101599,"n":"Crayons de couleur  Bic Intensity - x12","p":2.13,"u":"0,18 €/P","img":"https://fd8-photos.leclercdrive.fr/image.ashx?id=2177755&use=l&cat=p&typeid=i","cat":284696},{"id":101620,"n":"Matière grasse Rustica Omega 3 50%MG -Doux -250G","p":0.99,"u":"3,96 €/KG","img":"https://fd8-photos.leclercdrive.fr/image.ashx?id=1664898&use=l&cat=p&typeid=i","cat":315229},{"id":101629,"n":"Pur jus clémentine Bio Village Bio - 1L","p":2.99,"u":"2,99 €/L","img":"https://fd8-photos.leclercdrive.fr/image.ashx?id=2901548&use=l&cat=p&typeid=i","cat":284915},{"id":101667,"n":"Soupe liquide Bio Liebig  Mouliné de Légumes Verts - 1L","p":3.19,"u":"3,19 €/L","img":"https://fd8-photos.leclercdrive.fr/image.ashx?id=2643686&use=l&cat=p&typeid=i","cat":284462},{"id":101670,"n":"Boisson cajou Bio Bjorg Sans sucre - 1L","p":2.89,"u":"2,89 €/L","img":"https://fd8-photos.leclercdrive.fr/image.ashx?id=2979737&use=l&cat=p&typeid=i","cat":316067},{"id":101680,"n":"Goûter Bio Village Pépites de Chocolat Bio - 150g","p":2.09,"u":"13,93 €/KG","img":"https://fd8-photos.leclercdrive.fr/image.ashx?id=2783443&use=l&cat=p&typeid=i","cat":284495},{"id":101688,"n":"Gel concentré vaisselle UniVert Citron - 685ml","p":5.13,"u":"7,49 €/L","img":"https://fd8-photos.leclercdrive.fr/image.ashx?id=2903965&use=l&cat=p&typeid=i","cat":284655},{"id":101692,"n":"Crème dessert Danette Vanille caramel - 4x125g","p":1.5,"u":"3,00 €/KG","img":"https://fd8-photos.leclercdrive.fr/image.ashx?id=2928408&use=l&cat=p&typeid=i","cat":285041},{"id":101696,"n":"crème dessert caramel danette - 4x125g","p":1.65,"u":"3,30 €/KG","img":"https://fd8-photos.leclercdrive.fr/image.ashx?id=2926236&use=l&cat=p&typeid=i","cat":285041},{"id":101701,"n":"crème dessert chocolat caramel vanille danette - 12x115g","p":3.65,"u":"2,64 €/KG","img":"https://fd8-photos.leclercdrive.fr/image.ashx?id=2949844&use=l&cat=p&typeid=i","cat":285041},{"id":101708,"n":"liégeois chocolat danette - 8x100g","p":3.15,"u":"3,94 €/KG","img":"https://fd8-photos.leclercdrive.fr/image.ashx?id=1984897&use=l&cat=p&typeid=i","cat":285042},{"id":101710,"n":"crème dessert chocolat noir danette - 4x125g","p":1.65,"u":"3,30 €/KG","img":"https://fd8-photos.leclercdrive.fr/image.ashx?id=2927294&use=l&cat=p&typeid=i","cat":285041},{"id":101711,"n":"Crème dessert Danette Chocolat Vanille - 12x115g","p":3.69,"u":"2,67 €/KG","img":"https://fd8-photos.leclercdrive.fr/image.ashx?id=2228528&use=l&cat=p&typeid=i","cat":285041},{"id":101712,"n":"crème dessert 3 chocolats danette - 12x115g","p":3.69,"u":"2,67 €/KG","img":"https://fd8-photos.leclercdrive.fr/image.ashx?id=2949847&use=l&cat=p&typeid=i","cat":285041},{"id":101762,"n":"Noix de St Jacques Eco+ Sans corail - MSC - 300g","p":6.85,"u":"22,83 €/KG","img":"https://fd8-photos.leclercdrive.fr/image.ashx?id=2790868&use=l&cat=p&typeid=i","cat":319787},{"id":101782,"n":"Crayon de couleur triangulaire Bic Intensity - x24","p":6.65,"img":"https://fd8-photos.leclercdrive.fr/image.ashx?id=2376509&use=l&cat=p&typeid=i","cat":284696},{"id":101833,"n":"Gel lavage Visior Concentré - 900ml","p":5.56,"u":"6,18 €/L","img":"https://fd8-photos.leclercdrive.fr/image.ashx?id=2598000&use=l&cat=p&typeid=i","cat":284657},{"id":101836,"n":"Pastilles anti-calcaire Texil x17","p":3.12,"u":"0,18 €/P","img":"https://fd8-photos.leclercdrive.fr/image.ashx?id=2964580&use=l&cat=p&typeid=i","cat":284653},{"id":101837,"n":"Pastilles anti-calcaire Texil x48","p":4.6,"u":"0,10 €/P","img":"https://fd8-photos.leclercdrive.fr/image.ashx?id=2964583&use=l&cat=p&typeid=i","cat":284653},{"id":102002,"n":"Pain au seigle Bio Village Bio - Complet - 500g","p":1.9,"u":"3,80 €/KG","img":"https://fd8-photos.leclercdrive.fr/image.ashx?id=2686353&use=l&cat=p&typeid=i","cat":325069},{"id":102006,"n":"Gel bain douche Manava Pamplemousse raisin blanc-500ml","p":2.37,"u":"4,74 €/L","img":"https://fd8-photos.leclercdrive.fr/image.ashx?id=2652870&use=l&cat=p&typeid=i","cat":284594},{"id":102007,"n":"Gel douche Manava Gommant - 250ml","p":1.3,"u":"5,20 €/L","img":"https://fd8-photos.leclercdrive.fr/image.ashx?id=2805042&use=l&cat=p&typeid=i","cat":284594},{"id":102012,"n":"Déodorant bille bio So Bio Etic Tous types de peau - 50ml","p":3.64,"u":"72,80 €/L","img":"https://fd8-photos.leclercdrive.fr/image.ashx?id=2986606&use=l&cat=p&typeid=i","cat":284595},{"id":102022,"n":"Anti-âge Skinactive Garnier Lavandin bio - 50ml","p":10.96,"u":"219,20 €/L","img":"https://fd8-photos.leclercdrive.fr/image.ashx?id=2353776&use=l&cat=p&typeid=i","cat":325345},{"id":102063,"n":"Arachide coque grillée Sun 1kg","p":6.95,"u":"6,95 €/KG","img":"https://fd8-photos.leclercdrive.fr/image.ashx?id=2387474&use=l&cat=p&typeid=i","cat":284357},{"id":102078,"n":"Tagliatelles Côté Table Poulet & champignons - 300g","p":2.79,"u":"9,30 €/KG","img":"https://fd8-photos.leclercdrive.fr/image.ashx?id=2893568&use=l&cat=p&typeid=i","cat":333665},{"id":102082,"n":"Poulet et risotto Côté Table Champignons - 280g","p":2.59,"u":"9,25 €/KG","img":"https://fd8-photos.leclercdrive.fr/image.ashx?id=2816145&use=l&cat=p&typeid=i","cat":333665},{"id":102103,"n":"Eau gazeuse St Yorre 6x1,15L","p":3.3,"u":"0,48 €/L","img":"https://fd8-photos.leclercdrive.fr/image.ashx?id=2877730&use=l&cat=p&typeid=i","cat":284536},{"id":102215,"n":"Nuggets Croustillant Père Dodu  Poulet x20 - 400g - Familial","p":4.47,"u":"11,18 €/KG","img":"https://fd8-photos.leclercdrive.fr/image.ashx?id=2957161&use=l&cat=p&typeid=i","cat":333684},{"id":102234,"n":"Nouvelle recharge Smarteo + 1 pièce","p":7.0,"img":"https://fd8-photos.leclercdrive.fr/image.ashx?id=2570433&use=l&cat=p&typeid=i","cat":284669},{"id":102254,"n":"Riz à la provençale Bonduelle Au thon et au basilic - 500g","p":3.25,"u":"6,50 €/KG","img":"https://fd8-photos.leclercdrive.fr/image.ashx?id=2894170&use=l&cat=p&typeid=i","cat":333657},{"id":102374,"n":"Bière sans alcool Tourtel Twist Cerise 0,0° - 6x27,5cl","p":3.97,"u":"2,41 €/L","img":"https://fd8-photos.leclercdrive.fr/image.ashx?id=2688803&use=l&cat=p&typeid=i","cat":334877},{"id":102414,"n":"Feutres d'écriture Bic INtensity - x8","p":6.44,"u":"0,81 €/P","img":"https://fd8-photos.leclercdrive.fr/image.ashx?id=2665247&use=l&cat=p&typeid=i","cat":284696},{"id":102452,"n":"Chocolat au lait 50% cacao bio  50% Madagascar - 100g","p":2.56,"u":"25,60 €/KG","img":"https://fd8-photos.leclercdrive.fr/image.ashx?id=2870905&use=l&cat=p&typeid=i","cat":284497},{"id":102453,"n":"Chocolat au lait Bio Ethiquable  53% Guatemala - 100g","p":3.22,"u":"32,20 €/KG","img":"https://fd8-photos.leclercdrive.fr/image.ashx?id=2870908&use=l&cat=p&typeid=i","cat":284497},{"id":102480,"n":"Petits Suisses Gervais 9,5%MG - 12x60g","p":2.49,"u":"3,46 €/KG","img":"https://fd8-photos.leclercdrive.fr/image.ashx?id=2230381&use=l&cat=p&typeid=i","cat":284409},{"id":102632,"n":"Soda rouge Orangina Orange Sanguine - 6x33cl","p":3.85,"u":"1,94 €/L","img":"https://fd8-photos.leclercdrive.fr/image.ashx?id=2551650&use=l&cat=p&typeid=i","cat":284532},{"id":102633,"n":"Soda Schweppes Saveur Agrumes Zero - 1L","p":1.69,"u":"1,69 €/L","img":"https://fd8-photos.leclercdrive.fr/image.ashx?id=2852432&use=l&cat=p&typeid=i","cat":284532},{"id":102661,"n":"Thé vert bio Jardin Bio Digestion x20 - 30g","p":2.95,"u":"98,33 €/KG","img":"https://fd8-photos.leclercdrive.fr/image.ashx?id=3014527&use=l&cat=p&typeid=i","cat":293233},{"id":102667,"n":"Haricots verts D'Aucy Extra fin - 58cl - 280g","p":3.21,"u":"11,46 €/KG","img":"https://fd8-photos.leclercdrive.fr/image.ashx?id=2110005&use=l&cat=p&typeid=i","cat":312606},{"id":102669,"n":"Capsules café L'Or Espresso Or Rose N°7 x10","p":3.71,"u":"71,35 €/KG","img":"https://fd8-photos.leclercdrive.fr/image.ashx?id=2100290&use=l&cat=p&typeid=i","cat":284749},{"id":102670,"n":"Capsules café L'Or Espresso Lungo Elegante N°6 x10","p":4.78,"u":"91,92 €/KG","img":"https://fd8-photos.leclercdrive.fr/image.ashx?id=2391870&use=l&cat=p&typeid=i","cat":284749},{"id":102676,"n":"Capsules café L'Or Barista Double Espresso N°7 x10","p":5.15,"u":"49,52 €/KG","img":"https://fd8-photos.leclercdrive.fr/image.ashx?id=1742978&use=l&cat=p&typeid=i","cat":284749},{"id":102686,"n":"Capsules café L'Or Barista Double Espresso N°11 x10","p":5.25,"u":"50,48 €/KG","img":"https://fd8-photos.leclercdrive.fr/image.ashx?id=2857908&use=l&cat=p&typeid=i","cat":284749},{"id":102695,"n":"Friandises chien Pedigree Ranchos original bœuf - 70g","p":2.55,"u":"36,43 €/KG","img":"https://fd8-photos.leclercdrive.fr/image.ashx?id=2897279&use=l&cat=p&typeid=i","cat":294527},{"id":102699,"n":"Billes chocolatées Lindt Crispy céréales soufflées - 140g","p":2.5,"u":"17,86 €/KG","img":"https://fd8-photos.leclercdrive.fr/image.ashx?id=2425083&use=l&cat=p&typeid=i","cat":304238},{"id":102819,"n":"Panaché Falsbourg Grenadine <0,5% - 20x25cl","p":5.99,"u":"1,20 €/L","img":"https://fd8-photos.leclercdrive.fr/image.ashx?id=2637964&use=l&cat=p&typeid=i","cat":334877},{"id":102829,"n":"Bandeaux Copains Copines Colorés - 200g","p":1.13,"u":"5,65 €/KG","img":"https://fd8-photos.leclercdrive.fr/image.ashx?id=2934745&use=l&cat=p&typeid=i","cat":304250},{"id":102834,"n":"Fils Copains Copines Colorés - 200g","p":1.09,"u":"5,45 €/KG","img":"https://fd8-photos.leclercdrive.fr/image.ashx?id=2934748&use=l&cat=p&typeid=i","cat":304250},{"id":102977,"n":"Bâtonnets Chocolat au lait Chaque jour sans gluten - 125g","p":3.91,"u":"31,28 €/KG","img":"https://fd8-photos.leclercdrive.fr/image.ashx?id=2419885&use=l&cat=p&typeid=i","cat":318654},{"id":102980,"n":"Chips ondulées nature Lay's Sel - 120g","p":1.77,"u":"14,75 €/KG","img":"https://fd8-photos.leclercdrive.fr/image.ashx?id=2788505&use=l&cat=p&typeid=i","cat":284447},{"id":103027,"n":"AOC Bordeaux Supérieur rouge Haussmann Baron Eugène - 75cl","p":5.1,"pp":3.57,"u":"4,76 €/L","img":"https://fd8-photos.leclercdrive.fr/image.ashx?id=1663474&use=l&cat=p&typeid=i","cat":289556},{"id":103030,"n":"World Mix Haribo Boîte bonbons - 750g","p":6.99,"u":"9,32 €/KG","img":"https://fd8-photos.leclercdrive.fr/image.ashx?id=2984913&use=l&cat=p&typeid=i","cat":304250},{"id":103032,"n":"Baguette viennoise  La Boulangère - x6 - 510g","p":2.3,"pp":1.61,"u":"3,16 €/KG","img":"https://fd8-photos.leclercdrive.fr/image.ashx?id=2912413&use=l&cat=p&typeid=i","cat":284985},{"id":103047,"n":"Nutella Biscuit pâte à tartiner Cacao Noisettes - 304g","p":3.06,"u":"10,07 €/KG","img":"https://fd8-photos.leclercdrive.fr/image.ashx?id=2896432&use=l&cat=p&typeid=i","cat":284488},{"id":103063,"n":"Paille Pik Haribo Sachet bonbons acidulés - 180g","p":1.24,"u":"6,89 €/KG","img":"https://fd8-photos.leclercdrive.fr/image.ashx?id=2984922&use=l&cat=p&typeid=i","cat":304250},{"id":103074,"n":"Tajine de Légumes Grillés Cassegrain à la Coriandre 375g","p":4.15,"u":"11,07 €/KG","img":"https://fd8-photos.leclercdrive.fr/image.ashx?id=2636955&use=l&cat=p&typeid=i","cat":312612},{"id":103078,"n":"Cocobat Haribo Sachet bonbons réglisse - 300g","p":2.02,"u":"6,73 €/KG","img":"https://fd8-photos.leclercdrive.fr/image.ashx?id=2805231&use=l&cat=p&typeid=i","cat":304250},{"id":103093,"n":"Beurre gastronomique Président Doux - 82% MG - 225g","p":3.15,"u":"14,00 €/KG","img":"https://fd8-photos.leclercdrive.fr/image.ashx?id=2653417&use=l&cat=p&typeid=i","cat":284379},{"id":103094,"n":"Crème légère semi épaisse  Bridélice 18%mg - 2x25cl","p":2.75,"u":"5,50 €/L","img":"https://fd8-photos.leclercdrive.fr/image.ashx?id=2806156&use=l&cat=p&typeid=i","cat":284381},{"id":103104,"n":"Crème entière 30% Président 2x25cl","p":4.05,"u":"8,10 €/L","img":"https://fd8-photos.leclercdrive.fr/image.ashx?id=2973577&use=l&cat=p&typeid=i","cat":284381},{"id":103131,"n":"Boisson lactée Danao Pêche Abricot - 1.35L","p":3.95,"u":"2,93 €/L","img":"https://fd8-photos.leclercdrive.fr/image.ashx?id=2638319&use=l&cat=p&typeid=i","cat":285435},{"id":103134,"n":"Boisson lactée Danao Fraise - 900ml","p":3.9,"u":"4,33 €/L","img":"https://fd8-photos.leclercdrive.fr/image.ashx?id=2108483&use=l&cat=p&typeid=i","cat":285435},{"id":103144,"n":"Bière blonde Bud 5% - 6x25cl","p":5.35,"u":"3,57 €/L","img":"https://fd8-photos.leclercdrive.fr/image.ashx?id=2481032&use=l&cat=p&typeid=i","cat":334873},{"id":103149,"n":"Bananes françaises 5 fruits","p":2.45,"img":"https://fd8-photos.leclercdrive.fr/image.ashx?id=1746143&use=l&cat=p&typeid=i","cat":284356},{"id":103157,"n":"Rissolées Pom Bistro à la Graisse de Canard - 500g","p":3.79,"pp":2.65,"u":"5,30 €/KG","img":"https://fd8-photos.leclercdrive.fr/image.ashx?id=2866430&use=l&cat=p&typeid=i","cat":319792},{"id":103158,"n":"Tartine Grilletine de Pasquier Sans sucre ajouté - x18 - 255g","p":2.38,"u":"9,33 €/KG","img":"https://fd8-photos.leclercdrive.fr/image.ashx?id=2333057&use=l&cat=p&typeid=i","cat":284479},{"id":103183,"n":"Bières blonde Desperados Lime - 6x33cl","p":8.49,"u":"4,29 €/L","img":"https://fd8-photos.leclercdrive.fr/image.ashx?id=2638163&use=l&cat=p&typeid=i","cat":334878},{"id":103185,"n":"Eau minérale naturelle Volvic fontaine - 8L","p":2.89,"u":"0,36 €/L","img":"https://fd8-photos.leclercdrive.fr/image.ashx?id=2771675&use=l&cat=p&typeid=i","cat":284535},{"id":103186,"n":"Boisson Citronnade Jafaden 1.5L","p":1.31,"u":"0,87 €/L","img":"https://fd8-photos.leclercdrive.fr/image.ashx?id=2591415&use=l&cat=p&typeid=i","cat":295018},{"id":103191,"n":"Bière sans alcool Tourtel Twist Pêche 0,0° - 6x27,5cl","p":4.69,"u":"2,84 €/L","img":"https://fd8-photos.leclercdrive.fr/image.ashx?id=2896564&use=l&cat=p&typeid=i","cat":334877},{"id":103196,"n":"Boisson Citronnade Jafaden Citron vert - 1.5L","p":1.56,"u":"1,04 €/L","img":"https://fd8-photos.leclercdrive.fr/image.ashx?id=2664581&use=l&cat=p&typeid=i","cat":295018},{"id":103203,"n":"Mélange Tropical  500g - Daco Bello","p":5.19,"u":"10,38 €/KG","img":"https://fd8-photos.leclercdrive.fr/image.ashx?id=2292895&use=l&cat=p&typeid=i","cat":316002},{"id":103207,"n":"Noix de Cajou grillées Non salées - 175g","p":3.35,"u":"19,14 €/KG","img":"https://fd8-photos.leclercdrive.fr/image.ashx?id=2298541&use=l&cat=p&typeid=i","cat":316002},{"id":103259,"n":"IGP Méditerrannée rouge Cellier des Dauphins 6x25cl","p":8.49,"u":"5,66 €/L","img":"https://fd8-photos.leclercdrive.fr/image.ashx?id=2338144&use=l&cat=p&typeid=i","cat":289556},{"id":103269,"n":"Gaufres fourrées Lotus Coeur fondant vanille - 310g","p":2.55,"u":"8,23 €/KG","img":"https://fd8-photos.leclercdrive.fr/image.ashx?id=2695890&use=l&cat=p&typeid=i","cat":294777},{"id":103285,"n":"Poisson pané Findus Colin  Alaska Fish and Chips x4 - 400g","p":3.25,"u":"8,13 €/KG","img":"https://fd8-photos.leclercdrive.fr/image.ashx?id=2985348&use=l&cat=p&typeid=i","cat":319788},{"id":103300,"n":"Infusion Jardin Bio Digestion bio - 20 sachet - 28g","p":2.62,"u":"93,57 €/KG","img":"https://fd8-photos.leclercdrive.fr/image.ashx?id=2990685&use=l&cat=p&typeid=i","cat":293234},{"id":103308,"n":"Bière Desperados Red Fut - 5L","p":21.14,"u":"4,23 €/L","img":"https://fd8-photos.leclercdrive.fr/image.ashx?id=2770404&use=l&cat=p&typeid=i","cat":334879},{"id":103315,"n":"AOP Côtes de Provence rosé Château Reillanne - 75cl","p":7.4,"u":"9,87 €/L","img":"https://fd8-photos.leclercdrive.fr/image.ashx?id=2669487&use=l&cat=p&typeid=i","cat":289558},{"id":103377,"n":"Cornichons bio Bio Village Vinaigre - 185g","p":2.4,"u":"12,97 €/KG","img":"https://fd8-photos.leclercdrive.fr/image.ashx?id=2974849&use=l&cat=p&typeid=i","cat":284458},{"id":103379,"n":"Whisky Aberfeldy  12 ans 40%vol - 70cl","p":41.22,"u":"58,89 €/L","img":"https://fd8-photos.leclercdrive.fr/image.ashx?id=1742417&use=l&cat=p&typeid=i","cat":284547},{"id":103381,"n":"Whisky Grant's  Triple wood 40%vol - 70cl","p":14.01,"u":"20,01 €/L","img":"https://fd8-photos.leclercdrive.fr/image.ashx?id=2866022&use=l&cat=p&typeid=i","cat":284547},{"id":103384,"n":"IGP Whisky Grant's  Triple wood - 40%vol - 1L","p":17.42,"u":"17,42 €/L","img":"https://fd8-photos.leclercdrive.fr/image.ashx?id=2917531&use=l&cat=p&typeid=i","cat":284547},{"id":103437,"n":"Wrap multigrains Mission 370g","p":2.53,"u":"6,84 €/KG","img":"https://fd8-photos.leclercdrive.fr/image.ashx?id=2890505&use=l&cat=p&typeid=i","cat":288993},{"id":103453,"n":"Panaché Falsbourg Grenadine - <0,5% vol. - 6x25cl","p":2.71,"u":"1,81 €/L","img":"https://fd8-photos.leclercdrive.fr/image.ashx?id=2637961&use=l&cat=p&typeid=i","cat":334877},{"id":103470,"n":"Croquettes chat Purina One Poulet chat adulte - 450g","p":2.99,"u":"6,64 €/KG","img":"https://fd8-photos.leclercdrive.fr/image.ashx?id=2902265&use=l&cat=p&typeid=i","cat":284680},{"id":103479,"n":"Tartine Petit Dej Jacquet Complet - 410g","p":1.81,"u":"4,41 €/KG","img":"https://fd8-photos.leclercdrive.fr/image.ashx?id=2991849&use=l&cat=p&typeid=i","cat":284477},{"id":103499,"n":"Apéritif prêt à boire Martini Rossini 8° - 75cl","p":9.48,"u":"12,64 €/L","img":"https://fd8-photos.leclercdrive.fr/image.ashx?id=2866831&use=l&cat=p&typeid=i","cat":289461},{"id":103500,"n":"Panaché Falsbourg <0.5% vol. - 20x25cl","p":5.95,"u":"1,19 €/L","img":"https://fd8-photos.leclercdrive.fr/image.ashx?id=2637970&use=l&cat=p&typeid=i","cat":334877},{"id":103503,"n":"Capsules Nescafé Dolce Gusto  Espresso Intenso - x16","p":4.85,"u":"43,30 €/KG","img":"https://fd8-photos.leclercdrive.fr/image.ashx?id=3009110&use=l&cat=p&typeid=i","cat":293239},{"id":103505,"n":"Barre de céréales Nature Valley Protéine chocolat x4-160g","p":3.35,"u":"20,94 €/KG","img":"https://fd8-photos.leclercdrive.fr/image.ashx?id=2657000&use=l&cat=p&typeid=i","cat":285869},{"id":103509,"n":"Yaourt à boire Yop Aromatisé Fraise - 825g","p":1.8,"u":"2,18 €/KG","img":"https://fd8-photos.leclercdrive.fr/image.ashx?id=2855564&use=l&cat=p&typeid=i","cat":284415},{"id":103543,"n":"Crème glacée Haagen Dazs Caramel Biscuit cream - 560g","p":6.84,"u":"12,21 €/KG","img":"https://fd8-photos.leclercdrive.fr/image.ashx?id=2893414&use=l&cat=p&typeid=i","cat":284725},{"id":103561,"n":"Barre de céréales Nature Valley  Protéine caramel salé x4 - 160","p":3.45,"u":"21,56 €/KG","img":"https://fd8-photos.leclercdrive.fr/image.ashx?id=2657003&use=l&cat=p&typeid=i","cat":285869},{"id":103563,"n":"Batonnets de glace Nuii Salted Caramel macadamia - 272g","p":4.4,"u":"16,18 €/KG","img":"https://fd8-photos.leclercdrive.fr/image.ashx?id=2506798&use=l&cat=p&typeid=i","cat":284265},{"id":103566,"n":"Batonnets de glaces Nuii Almond & java vanilla - x4","p":4.52,"u":"16,87 €/KG","img":"https://fd8-photos.leclercdrive.fr/image.ashx?id=2506801&use=l&cat=p&typeid=i","cat":284265},{"id":103619,"n":"Crème glacée Häagen-Dazs  Vanille - 400g","p":4.64,"u":"11,60 €/KG","img":"https://fd8-photos.leclercdrive.fr/image.ashx?id=2893429&use=l&cat=p&typeid=i","cat":284725},{"id":103621,"n":"Crème glacée Häagen-Dazs  Vanille pécan - 400g","p":4.79,"u":"11,98 €/KG","img":"https://fd8-photos.leclercdrive.fr/image.ashx?id=2893438&use=l&cat=p&typeid=i","cat":284725},{"id":103622,"n":"Crème glacée Häagen-Dazs Caramel speculoos Lotus - 400g","p":4.74,"u":"11,85 €/KG","img":"https://fd8-photos.leclercdrive.fr/image.ashx?id=2893441&use=l&cat=p&typeid=i","cat":284725},{"id":103657,"n":"Crème glacée Häagen-Dazs  Vanille noix macadamia - 400g","p":4.79,"u":"11,98 €/KG","img":"https://fd8-photos.leclercdrive.fr/image.ashx?id=2893444&use=l&cat=p&typeid=i","cat":284725},{"id":103665,"n":"Mini pots Häagen-Dazs  Caramel attraction x4 - 318g","p":5.1,"u":"15,89 €/KG","img":"https://fd8-photos.leclercdrive.fr/image.ashx?id=2992852&use=l&cat=p&typeid=i","cat":284725},{"id":103680,"n":"Mini pots Häagen-Dazs Vanille  noix de macadamia x4 - 324g","p":5.09,"u":"15,71 €/KG","img":"https://fd8-photos.leclercdrive.fr/image.ashx?id=3000162&use=l&cat=p&typeid=i","cat":284725},{"id":103684,"n":"Mini pots Häagen-Dazs  Favorite selection x4 - 318g","p":4.36,"u":"13,71 €/KG","img":"https://fd8-photos.leclercdrive.fr/image.ashx?id=3000165&use=l&cat=p&typeid=i","cat":284725},{"id":103692,"n":"Crème glacée Häagen-Dazs  Beurre de cacahuètes - 400g","p":5.69,"u":"14,23 €/KG","img":"https://fd8-photos.leclercdrive.fr/image.ashx?id=2893507&use=l&cat=p&typeid=i","cat":284725},{"id":103696,"n":"Fromage Maasdam Les Croisés 150g","p":1.99,"u":"13,27 €/KG","img":"https://fd8-photos.leclercdrive.fr/image.ashx?id=2031859&use=l&cat=p&typeid=i","cat":314028},{"id":103726,"n":"Masque Violet Démêlant Elsève Color-Vive - 150ml","p":5.12,"u":"34,13 €/L","img":"https://fd8-photos.leclercdrive.fr/image.ashx?id=2439281&use=l&cat=p&typeid=i","cat":284608},{"id":103728,"n":"Shampoing Violet Elsève Color-Vive Déjaunisseur - 200ml","p":2.98,"u":"14,90 €/L","img":"https://fd8-photos.leclercdrive.fr/image.ashx?id=2278121&use=l&cat=p&typeid=i","cat":284606},{"id":103800,"n":"Bière blonde Leffe  6,6% - 12x25cl","p":9.69,"u":"3,23 €/L","img":"https://fd8-photos.leclercdrive.fr/image.ashx?id=2995424&use=l&cat=p&typeid=i","cat":334852},{"id":103806,"n":"Sac poubelle 30L Alfapac Ultra résistant Poignées - x15","p":3.04,"u":"0,20 €/P","img":"https://fd8-photos.leclercdrive.fr/image.ashx?id=2526887&use=l&cat=p&typeid=i","cat":285168},{"id":103808,"n":"Yaourt à boire Yop Aromatisé Framboise - 825g","p":1.69,"u":"2,05 €/KG","img":"https://fd8-photos.leclercdrive.fr/image.ashx?id=2855567&use=l&cat=p&typeid=i","cat":284415},{"id":103813,"n":"Yaourt à boire Yop Aromatisé Vanille - 825g","p":1.8,"u":"2,18 €/KG","img":"https://fd8-photos.leclercdrive.fr/image.ashx?id=2855570&use=l&cat=p&typeid=i","cat":284415},{"id":103816,"n":"Bâtonnets Trium   Poire chocolat - x4 - 302g","p":3.19,"u":"10,56 €/KG","img":"https://fd8-photos.leclercdrive.fr/image.ashx?id=2920779&use=l&cat=p&typeid=i","cat":284265},{"id":103818,"n":"Mangue Douceur du Verger Morceaux - 650g","p":5.71,"u":"8,78 €/KG","img":"https://fd8-photos.leclercdrive.fr/image.ashx?id=2898257&use=l&cat=p&typeid=i","cat":284268},{"id":103820,"n":"Mini pots de glace bonbons Smicy - x6 - 300g","p":3.69,"u":"12,30 €/KG","img":"https://fd8-photos.leclercdrive.fr/image.ashx?id=2064612&use=l&cat=p&typeid=i","cat":285250},{"id":103821,"n":"Glace cônes Smicy Bonbons - x8 - 328g","p":3.45,"u":"10,52 €/KG","img":"https://fd8-photos.leclercdrive.fr/image.ashx?id=2698174&use=l&cat=p&typeid=i","cat":285250},{"id":103822,"n":"Pizza Crousti Moelleuse Extrême Marie Tartiflette - 550g","p":4.29,"u":"7,80 €/KG","img":"https://fd8-photos.leclercdrive.fr/image.ashx?id=2996764&use=l&cat=p&typeid=i","cat":284256},{"id":103826,"n":"Cône Extrême Vanille praline - x6 -426g","p":3.22,"u":"7,56 €/KG","img":"https://fd8-photos.leclercdrive.fr/image.ashx?id=2838422&use=l&cat=p&typeid=i","cat":284264},{"id":103844,"n":"IGP Ile de Beauté vin rosé Terres Ocrées 12% vol - 75cl","p":3.99,"u":"5,32 €/L","img":"https://fd8-photos.leclercdrive.fr/image.ashx?id=2846526&use=l&cat=p&typeid=i","cat":289558},{"id":103885,"n":"Fromage Cœur de Lion  Pointe de Brie - 200g","p":1.99,"u":"9,95 €/KG","img":"https://fd8-photos.leclercdrive.fr/image.ashx?id=2770416&use=l&cat=p&typeid=i","cat":314033},{"id":103891,"n":"Crème glacée Häagen-Dazs  Caramel au beurre salé - 400g","p":4.79,"u":"11,98 €/KG","img":"https://fd8-photos.leclercdrive.fr/image.ashx?id=2893435&use=l&cat=p&typeid=i","cat":284725},{"id":103913,"n":"Whisky Glen Moray 40%vol - La bouteille 70cl","p":21.01,"u":"30,01 €/L","img":"https://fd8-photos.leclercdrive.fr/image.ashx?id=2109674&use=l&cat=p&typeid=i","cat":284547},{"id":103914,"n":"Whisky Bushmill's Classic 40%vol - 70cl","p":20.65,"u":"29,50 €/L","img":"https://fd8-photos.leclercdrive.fr/image.ashx?id=2484449&use=l&cat=p&typeid=i","cat":284547},{"id":103915,"n":"Mimolette jeune Les Croisés 350g","p":3.23,"u":"9,23 €/KG","img":"https://fd8-photos.leclercdrive.fr/image.ashx?id=2046499&use=l&cat=p&typeid=i","cat":314028},{"id":103918,"n":"Bâtonnets  Maple  Peanut Butter et candian - x4","p":4.49,"u":"1,12 €/P","img":"https://fd8-photos.leclercdrive.fr/image.ashx?id=2506810&use=l&cat=p&typeid=i","cat":284265},{"id":103919,"n":"Bâtonnets  Nuii Idaho Valley  Cookies mint x4 - 244g","p":4.27,"u":"17,50 €/KG","img":"https://fd8-photos.leclercdrive.fr/image.ashx?id=2506807&use=l&cat=p&typeid=i","cat":284265},{"id":103922,"n":"Batonnets Nuii White chocolate&scandinavia x4","p":4.27,"u":"1,07 €/P","img":"https://fd8-photos.leclercdrive.fr/image.ashx?id=2922149&use=l&cat=p&typeid=i","cat":284265},{"id":103945,"n":"Escalope de dinde Le Gaulois Oui C'est Bon x2 - 240g","p":4.05,"u":"16,88 €/KG","img":"https://fd8-photos.leclercdrive.fr/image.ashx?id=2605580&use=l&cat=p&typeid=i","cat":284337},{"id":103969,"n":"Escalope de dinde Le Gaulois Fine - Oui C'est Bon x2 - 240g","p":5.35,"u":"22,29 €/KG","img":"https://fd8-photos.leclercdrive.fr/image.ashx?id=2605574&use=l&cat=p&typeid=i","cat":284337},{"id":103991,"n":"Pâtes De Cecco Spaghetti n°12  - 500g","p":0.88,"u":"1,76 €/KG","img":"https://fd8-photos.leclercdrive.fr/image.ashx?id=2974033&use=l&cat=p&typeid=i","cat":284427},{"id":103993,"n":"IGP Méditerranée rosé St Sagnol - 75cl","p":3.17,"u":"4,23 €/L","img":"https://fd8-photos.leclercdrive.fr/image.ashx?id=2923768&use=l&cat=p&typeid=i","cat":289558},{"id":104008,"n":"Jus innocent tutti frutti 900ml","p":2.84,"u":"3,16 €/L","img":"https://fd8-photos.leclercdrive.fr/image.ashx?id=2861737&use=l&cat=p&typeid=i","cat":285435},{"id":104022,"n":"Arrangé Damoiseau Ananas vanille 30° - 70cl","p":25.69,"u":"36,70 €/L","img":"https://fd8-photos.leclercdrive.fr/image.ashx?id=2021217&use=l&cat=p&typeid=i","cat":284551},{"id":104036,"n":"Jus innocent plus  énergie chérie 750ml","p":2.99,"u":"3,99 €/L","img":"https://fd8-photos.leclercdrive.fr/image.ashx?id=2901082&use=l&cat=p&typeid=i","cat":284354},{"id":104062,"n":"Brioches Doowap Harrys X8 -320g Pépites choco sans additif","p":2.29,"u":"7,16 €/KG","img":"https://fd8-photos.leclercdrive.fr/image.ashx?id=2502998&use=l&cat=p&typeid=i","cat":293505},{"id":104069,"n":"Fruits au sirop St Mamet Ananas Mandarine - 4x80g","p":2.64,"u":"8,25 €/KG","img":"https://fd8-photos.leclercdrive.fr/image.ashx?id=2429227&use=l&cat=p&typeid=i","cat":284507},{"id":104073,"n":"100% Pur Jus Jafaden Pamplemousse- 1L","p":1.99,"u":"1,99 €/L","img":"https://fd8-photos.leclercdrive.fr/image.ashx?id=2956771&use=l&cat=p&typeid=i","cat":284914},{"id":104087,"n":"IGP Méditerranée vin rosé Terres Ocrées - 75cl","p":2.75,"u":"3,67 €/L","img":"https://fd8-photos.leclercdrive.fr/image.ashx?id=2894743&use=l&cat=p&typeid=i","cat":289558},{"id":104090,"n":"Bouillon Cube Bio Maggi Volaille - 80g","p":1.44,"u":"18,00 €/KG","img":"https://fd8-photos.leclercdrive.fr/image.ashx?id=2882923&use=l&cat=p&typeid=i","cat":288379},{"id":104091,"n":"Bouillon Bio Cube Maggi Légumes - 80g","p":1.86,"u":"23,25 €/KG","img":"https://fd8-photos.leclercdrive.fr/image.ashx?id=2737786&use=l&cat=p&typeid=i","cat":288379},{"id":104092,"n":"Tagada Zip Fraîcheur Haribo Sachet bonbons - 220g","p":1.16,"u":"5,27 €/KG","img":"https://fd8-photos.leclercdrive.fr/image.ashx?id=2802359&use=l&cat=p&typeid=i","cat":304250},{"id":104095,"n":"Pain Brasserie création Jacquet Nature - x4 - 330g","p":1.49,"u":"4,52 €/KG","img":"https://fd8-photos.leclercdrive.fr/image.ashx?id=2446344&use=l&cat=p&typeid=i","cat":325067},{"id":104097,"n":"Fruits au sirop St Mamet Pêche douceur - 4x65g","p":2.33,"u":"8,96 €/KG","img":"https://fd8-photos.leclercdrive.fr/image.ashx?id=2429224&use=l&cat=p&typeid=i","cat":284507},{"id":104109,"n":"Les Timbales Gourmet Gold Boeuf plet saumon - 12x85g","p":7.41,"u":"7,26 €/KG","img":"https://fd8-photos.leclercdrive.fr/image.ashx?id=2861764&use=l&cat=p&typeid=i","cat":285286},{"id":104110,"n":"Fruits au sirop St Mamet Cocktail de fruits - 4x65g","p":2.33,"u":"8,96 €/KG","img":"https://fd8-photos.leclercdrive.fr/image.ashx?id=2429230&use=l&cat=p&typeid=i","cat":284507},{"id":104113,"n":"Brioches Doowap Harrys X12-480g Pépites choco sans additif","p":3.75,"u":"7,81 €/KG","img":"https://fd8-photos.leclercdrive.fr/image.ashx?id=2503001&use=l&cat=p&typeid=i","cat":293505},{"id":104114,"n":"Brioches Doowap Harrys X8 -320g Pépites choco lait sans additif","p":2.59,"u":"8,09 €/KG","img":"https://fd8-photos.leclercdrive.fr/image.ashx?id=2503004&use=l&cat=p&typeid=i","cat":293505},{"id":104115,"n":"Brioches Doowap Harrys X12-480g Pépites choco lait sans additif","p":3.22,"u":"6,71 €/KG","img":"https://fd8-photos.leclercdrive.fr/image.ashx?id=2503007&use=l&cat=p&typeid=i","cat":293505},{"id":104116,"n":"Galettes Sablés La Mère Poulard St-Michel - 125g","p":1.69,"u":"13,52 €/KG","img":"https://fd8-photos.leclercdrive.fr/image.ashx?id=2911384&use=l&cat=p&typeid=i","cat":284487},{"id":104117,"n":"Palets pur beurre Mère Poulard 125g","p":1.85,"u":"14,80 €/KG","img":"https://fd8-photos.leclercdrive.fr/image.ashx?id=2907018&use=l&cat=p&typeid=i","cat":284487},{"id":104121,"n":"Noix de cajou Benenuts Grillées à sec -165g","p":3.17,"u":"19,21 €/KG","img":"https://fd8-photos.leclercdrive.fr/image.ashx?id=2391786&use=l&cat=p&typeid=i","cat":284448},{"id":104188,"n":"Chips Tyrrell's Légèrement salées - 150g","p":2.19,"u":"14,60 €/KG","img":"https://fd8-photos.leclercdrive.fr/image.ashx?id=2924731&use=l&cat=p&typeid=i","cat":284447},{"id":104193,"n":"Coton-tiges Inell Recharge Tiges papier - x160","p":0.4,"img":"https://fd8-photos.leclercdrive.fr/image.ashx?id=2357704&use=l&cat=p&typeid=i","cat":284636},{"id":104194,"n":"Coton-tige Lotus Bio - x160 bâtonnets","p":0.93,"img":"https://fd8-photos.leclercdrive.fr/image.ashx?id=2506840&use=l&cat=p&typeid=i","cat":284636},{"id":104248,"n":"Pizzas Crousti Moelleuse Marie Extrême Américaine 2+ 1 offerte","p":7.13,"u":"4,48 €/KG","img":"https://fd8-photos.leclercdrive.fr/image.ashx?id=2996659&use=l&cat=p&typeid=i","cat":284256},{"id":104293,"n":"Pépites chunks Vahine 3 chocolats - 100g","p":1.99,"u":"19,90 €/KG","img":"https://fd8-photos.leclercdrive.fr/image.ashx?id=2559871&use=l&cat=p&typeid=i","cat":284504},{"id":104307,"n":"Cornichons très fins 120+  Tête noire - 360g","p":2.94,"u":"8,17 €/KG","img":"https://fd8-photos.leclercdrive.fr/image.ashx?id=2854315&use=l&cat=p&typeid=i","cat":284458},{"id":104308,"n":"Cornichons extra fins 150+  Tête noire - 185g","p":2.2,"u":"11,89 €/KG","img":"https://fd8-photos.leclercdrive.fr/image.ashx?id=2854318&use=l&cat=p&typeid=i","cat":284458},{"id":104324,"n":"Pâtes de Fruits GERBLE   -  6 sachets 162g","p":2.13,"u":"13,15 €/KG","img":"https://fd8-photos.leclercdrive.fr/image.ashx?id=2664082&use=l&cat=p&typeid=i","cat":318652},{"id":104349,"n":"AOP Cabernet d'Anjou rosé Plessis-Duval - 3L","p":14.12,"u":"4,71 €/L","img":"https://fd8-photos.leclercdrive.fr/image.ashx?id=2941038&use=l&cat=p&typeid=i","cat":289558},{"id":104468,"n":"Fromage apéritif Apéricube Long drink 48 cubes","p":4.17,"u":"16,68 €/KG","img":"https://fd8-photos.leclercdrive.fr/image.ashx?id=2882674&use=l&cat=p&typeid=i","cat":314027},{"id":104471,"n":"Fromage apéritif Apericube  Cocktail 48 cubes","p":4.17,"u":"16,68 €/KG","img":"https://fd8-photos.leclercdrive.fr/image.ashx?id=2882680&use=l&cat=p&typeid=i","cat":314027},{"id":104484,"n":"Tropicana Jus d'orange Avec Pulpe - 90cl","p":2.85,"u":"3,17 €/L","img":"https://fd8-photos.leclercdrive.fr/image.ashx?id=3011140&use=l&cat=p&typeid=i","cat":285435},{"id":104485,"n":"Tropicana Jus d'orange Sans pulpe - 90cl","p":2.85,"u":"3,17 €/L","img":"https://fd8-photos.leclercdrive.fr/image.ashx?id=2524266&use=l&cat=p&typeid=i","cat":285435},{"id":104555,"n":"Yaourts à boire Yop Yoplait Citron - 850g","p":1.74,"u":"2,05 €/KG","img":"https://fd8-photos.leclercdrive.fr/image.ashx?id=2855540&use=l&cat=p&typeid=i","cat":284415},{"id":104557,"n":"Yaourt à boire Yop Yoplait Coco - 850g","p":1.74,"u":"2,05 €/KG","img":"https://fd8-photos.leclercdrive.fr/image.ashx?id=2855543&use=l&cat=p&typeid=i","cat":284415},{"id":104561,"n":"Bâtonnet Yeti parfums fous  x24 - 1.2L","p":3.91,"u":"3,26 €/L","img":"https://fd8-photos.leclercdrive.fr/image.ashx?id=2314107&use=l&cat=p&typeid=i","cat":285250},{"id":104564,"n":"Yaourt à boire Yop de Yoplait Fraise - 850g","p":1.74,"u":"2,05 €/KG","img":"https://fd8-photos.leclercdrive.fr/image.ashx?id=2855546&use=l&cat=p&typeid=i","cat":284415},{"id":104565,"n":"Yaourt à boire Yoplait Fraise/banane - 850g","p":1.74,"u":"2,05 €/KG","img":"https://fd8-photos.leclercdrive.fr/image.ashx?id=2855549&use=l&cat=p&typeid=i","cat":284415},{"id":104566,"n":"Yaourt Yop de Yoplait Framboise - 850g","p":1.74,"u":"2,05 €/KG","img":"https://fd8-photos.leclercdrive.fr/image.ashx?id=2855552&use=l&cat=p&typeid=i","cat":284415},{"id":104567,"n":"Yaourt à boire Yop Yoplait Vanille - 850g","p":1.74,"u":"2,05 €/KG","img":"https://fd8-photos.leclercdrive.fr/image.ashx?id=2855555&use=l&cat=p&typeid=i","cat":284415},{"id":104568,"n":"Yaourt à boire Yop Yoplait Tropical - 850g","p":1.74,"u":"2,05 €/KG","img":"https://fd8-photos.leclercdrive.fr/image.ashx?id=2855558&use=l&cat=p&typeid=i","cat":284415},{"id":104603,"n":"Lamelles kebab Maître Coq 1kg","p":13.79,"u":"13,79 €/KG","img":"https://fd8-photos.leclercdrive.fr/image.ashx?id=2101441&use=l&cat=p&typeid=i","cat":319780},{"id":104609,"n":"Thon entier Petit Navire Au naturel - MSC - 2x56g","p":2.79,"u":"24,91 €/KG","img":"https://fd8-photos.leclercdrive.fr/image.ashx?id=2909977&use=l&cat=p&typeid=i","cat":303867},{"id":104669,"n":"Bière blonde Bud 5% - 20x25cl","p":14.99,"u":"3,00 €/L","img":"https://fd8-photos.leclercdrive.fr/image.ashx?id=3009047&use=l&cat=p&typeid=i","cat":334873},{"id":104674,"n":"Eau gazeuse aromatisée Badoit Citron fraise - 1L","p":1.35,"u":"1,35 €/L","img":"https://fd8-photos.leclercdrive.fr/image.ashx?id=2730664&use=l&cat=p&typeid=i","cat":284536},{"id":104684,"n":"Yaourt bifidus Activia vanille framboise - 16x125g","p":4.51,"u":"2,26 €/KG","img":"https://fd8-photos.leclercdrive.fr/image.ashx?id=2741802&use=l&cat=p&typeid=i","cat":315000},{"id":104720,"n":"Papier toilette humide Fess'net Peaux normales Vert Ylang - x50","p":1.89,"u":"0,04 €/P","img":"https://fd8-photos.leclercdrive.fr/image.ashx?id=2990934&use=l&cat=p&typeid=i","cat":284634},{"id":104722,"n":"Papier toilette humide Fess'net Peaux fragiles Sensitive - x50","p":1.79,"u":"0,04 €/P","img":"https://fd8-photos.leclercdrive.fr/image.ashx?id=2990931&use=l&cat=p&typeid=i","cat":284634},{"id":104727,"n":"Papier toilette humide Fess'net Peaux normales à sensibles- x50","p":1.94,"u":"0,04 €/P","img":"https://fd8-photos.leclercdrive.fr/image.ashx?id=2990937&use=l&cat=p&typeid=i","cat":284634},{"id":104863,"n":"Céréales Bio Lion de Nestlé Caramel / Chocolat - 400g","p":2.92,"u":"7,30 €/KG","img":"https://fd8-photos.leclercdrive.fr/image.ashx?id=2792939&use=l&cat=p&typeid=i","cat":309513},{"id":104880,"n":"Barres Céréales Extra Kellogg's Chocolat au lait - 4x32g","p":2.5,"u":"19,53 €/KG","img":"https://fd8-photos.leclercdrive.fr/image.ashx?id=2736610&use=l&cat=p&typeid=i","cat":285869},{"id":104889,"n":"Sardines Connetable Nature - 95g","p":2.29,"u":"24,11 €/KG","img":"https://fd8-photos.leclercdrive.fr/image.ashx?id=2664115&use=l&cat=p&typeid=i","cat":305146},{"id":105016,"n":"Serviette hygiénique Always Platinum normal x24","p":4.35,"img":"https://fd8-photos.leclercdrive.fr/image.ashx?id=2884102&use=l&cat=p&typeid=i","cat":284624},{"id":105032,"n":"Boisson base vodka Eristoff Ginger 18° - 70cl","p":12.55,"u":"17,93 €/L","img":"https://fd8-photos.leclercdrive.fr/image.ashx?id=1676837&use=l&cat=p&typeid=i","cat":284551},{"id":105039,"n":"Mortadelle de dinde aux olives 8 tranches Halal - 120g","p":1.35,"u":"11,25 €/KG","img":"https://fd8-photos.leclercdrive.fr/image.ashx?id=3004885&use=l&cat=p&typeid=i","cat":316013},{"id":105040,"n":"Chorizo volaille Halal 170g","p":3.67,"u":"21,59 €/KG","img":"https://fd8-photos.leclercdrive.fr/image.ashx?id=2476539&use=l&cat=p&typeid=i","cat":316013},{"id":105072,"n":"Bonbon Dracula Trolli Le sachet de 200g","p":1.58,"u":"7,90 €/KG","img":"https://fd8-photos.leclercdrive.fr/image.ashx?id=2684719&use=l&cat=p&typeid=i","cat":304250},{"id":105093,"n":"Crème UHT Elle&Vire Fluide Entière - 30% MG - 2x25cl","p":3.56,"u":"7,12 €/L","img":"https://fd8-photos.leclercdrive.fr/image.ashx?id=2763475&use=l&cat=p&typeid=i","cat":284381},{"id":105107,"n":"Gin Bulldog 70 cl","p":37.14,"u":"53,06 €/L","img":"https://fd8-photos.leclercdrive.fr/image.ashx?id=1698040&use=l&cat=p&typeid=i","cat":284550},{"id":105136,"n":"Jambon supérieur Tradilège S/nitrite Découenne - x6 - 210g","p":2.79,"u":"13,29 €/KG","img":"https://fd8-photos.leclercdrive.fr/image.ashx?id=2991524&use=l&cat=p&typeid=i","cat":316009},{"id":105137,"n":"Jambon supérieur Tradilège Sans nitrite x4 - 140g","p":1.85,"u":"13,21 €/KG","img":"https://fd8-photos.leclercdrive.fr/image.ashx?id=2994381&use=l&cat=p&typeid=i","cat":316009},{"id":105140,"n":"Jambon supérieur Tradilège Découenne S/nitrite - x2 - 70g","p":1.3,"u":"18,57 €/KG","img":"https://fd8-photos.leclercdrive.fr/image.ashx?id=2994378&use=l&cat=p&typeid=i","cat":316009},{"id":105168,"n":"Captain Morgan Original Spiced Boisson à base de rhum - 1L","p":20.58,"u":"20,58 €/L","img":"https://fd8-photos.leclercdrive.fr/image.ashx?id=2586285&use=l&cat=p&typeid=i","cat":284551},{"id":105169,"n":"Whisky single malt The Deveron 12 ans d'âge 40° - 70cl","p":41.09,"u":"58,70 €/L","img":"https://fd8-photos.leclercdrive.fr/image.ashx?id=2848343&use=l&cat=p&typeid=i","cat":284547},{"id":105178,"n":"Tortillas chorizo  Table du Monde - 500g","p":2.89,"u":"5,78 €/KG","img":"https://fd8-photos.leclercdrive.fr/image.ashx?id=1675409&use=l&cat=p&typeid=i","cat":333673},{"id":105180,"n":"Whisky Bowmore 15ans darkest - 43%vol -  70cl","p":58.63,"u":"83,76 €/L","img":"https://fd8-photos.leclercdrive.fr/image.ashx?id=1733146&use=l&cat=p&typeid=i","cat":284547},{"id":105181,"n":"Bière blonde bio Bio Village  5.5%vol -75cl","p":2.72,"u":"3,63 €/L","img":"https://fd8-photos.leclercdrive.fr/image.ashx?id=2579147&use=l&cat=p&typeid=i","cat":334873},{"id":105182,"n":"Crème desserts Délisse Saveur Praline - 4x100g","p":1.99,"u":"4,98 €/KG","img":"https://fd8-photos.leclercdrive.fr/image.ashx?id=2590925&use=l&cat=p&typeid=i","cat":285041},{"id":105185,"n":"Compote Charles & Alice Pommes Myrtilles - 4x97g","p":1.89,"u":"4,87 €/KG","img":"https://fd8-photos.leclercdrive.fr/image.ashx?id=2900899&use=l&cat=p&typeid=i","cat":284416},{"id":105186,"n":"Compote Charles & Alice Pommes Cerises - 4x97g","p":1.77,"u":"4,56 €/KG","img":"https://fd8-photos.leclercdrive.fr/image.ashx?id=2757686&use=l&cat=p&typeid=i","cat":284416},{"id":105196,"n":"Dessert fruitier Fraise Andros En morceaux - 4x100g","p":2.57,"u":"6,43 €/KG","img":"https://fd8-photos.leclercdrive.fr/image.ashx?id=2845467&use=l&cat=p&typeid=i","cat":284416},{"id":105214,"n":"Boulettes Garden Gourmet légumes 200g","p":3.8,"u":"19,00 €/KG","img":"https://fd8-photos.leclercdrive.fr/image.ashx?id=2986903&use=l&cat=p&typeid=i","cat":316036},{"id":105218,"n":"Poêlée de pâtes Coté Table Poulet/Champignon - 900g","p":3.89,"u":"4,32 €/KG","img":"https://fd8-photos.leclercdrive.fr/image.ashx?id=2626979&use=l&cat=p&typeid=i","cat":284254},{"id":105221,"n":"Céleri Menu Fraîcheur  rémoulade - 1kg","p":3.16,"u":"3,16 €/KG","img":"https://fd8-photos.leclercdrive.fr/image.ashx?id=2816591&use=l&cat=p&typeid=i","cat":333657},{"id":105222,"n":"Batonnets Smicy Citron - x10","p":2.35,"u":"0,24 €/P","img":"https://fd8-photos.leclercdrive.fr/image.ashx?id=2614515&use=l&cat=p&typeid=i","cat":285250},{"id":105223,"n":"Glaces cônes Eco+ Vanille - x8 - 556g","p":1.95,"u":"3,51 €/KG","img":"https://fd8-photos.leclercdrive.fr/image.ashx?id=2742682&use=l&cat=p&typeid=i","cat":284264},{"id":105224,"n":"Gnocchi à poêler Lustucru Extra Mozzarella Tomate - 280g","p":3.09,"u":"11,04 €/KG","img":"https://fd8-photos.leclercdrive.fr/image.ashx?id=2999994&use=l&cat=p&typeid=i","cat":333682},{"id":105320,"n":"Croustillants chèvre Président 6 pièces - 150g","p":3.5,"u":"23,33 €/KG","img":"https://fd8-photos.leclercdrive.fr/image.ashx?id=2856082&use=l&cat=p&typeid=i","cat":314027},{"id":105399,"n":"Lait demi-écrémé GrandLait Ferme sélectionnée - 1L","p":1.35,"u":"1,35 €/L","img":"https://fd8-photos.leclercdrive.fr/image.ashx?id=2916177&use=l&cat=p&typeid=i","cat":285609},{"id":105460,"n":"Madeleine longues Le Ster Raisins - x20 - 250g","p":1.69,"u":"6,76 €/KG","img":"https://fd8-photos.leclercdrive.fr/image.ashx?id=2962551&use=l&cat=p&typeid=i","cat":284492},{"id":105486,"n":"AOP Champagne Brut Tsarine 75cl","p":44.88,"u":"59,84 €/L","img":"https://fd8-photos.leclercdrive.fr/image.ashx?id=2741096&use=l&cat=p&typeid=i","cat":284542},{"id":105742,"n":"Poivre création moulin Ducros 34g","p":2.48,"u":"72,94 €/KG","img":"https://fd8-photos.leclercdrive.fr/image.ashx?id=2354407&use=l&cat=p&typeid=i","cat":284457},{"id":105783,"n":"Nectar Bio Cidou  Orange Banane - 1L","p":1.75,"u":"1,75 €/L","img":"https://fd8-photos.leclercdrive.fr/image.ashx?id=1682263&use=l&cat=p&typeid=i","cat":284915},{"id":106006,"n":"Pur jus de pomme Jafaden 2L","p":2.29,"u":"1,15 €/L","img":"https://fd8-photos.leclercdrive.fr/image.ashx?id=2956774&use=l&cat=p&typeid=i","cat":284522},{"id":106146,"n":"Bière sans alcool Tourtel Twist Mangue Passion 0,0° - 6x27,5cl","p":3.97,"u":"2,41 €/L","img":"https://fd8-photos.leclercdrive.fr/image.ashx?id=2730727&use=l&cat=p&typeid=i","cat":334877},{"id":106204,"n":"IGP Méditerranée Rosé Studio by Miraval - 75cl","p":9.5,"u":"12,67 €/L","img":"https://fd8-photos.leclercdrive.fr/image.ashx?id=1691895&use=l&cat=p&typeid=i","cat":289558},{"id":106236,"n":"Jus d'orange Tropicana Sans pulpe - 2x1.5L","p":7.78,"u":"2,59 €/L","img":"https://fd8-photos.leclercdrive.fr/image.ashx?id=1763661&use=l&cat=p&typeid=i","cat":284521},{"id":106265,"n":"Edulcorant Pure Via Stick x40 - 60g","p":3.45,"u":"57,50 €/KG","img":"https://fd8-photos.leclercdrive.fr/image.ashx?id=2590598&use=l&cat=p&typeid=i","cat":324846},{"id":106269,"n":"Edulcorant Pure Via Boite de 65 morceaux - 130g","p":4.75,"u":"36,54 €/KG","img":"https://fd8-photos.leclercdrive.fr/image.ashx?id=2417291&use=l&cat=p&typeid=i","cat":324846},{"id":106271,"n":"Sucre Doypack Pure Via Poudre cristalisée - 250g","p":5.09,"u":"20,36 €/KG","img":"https://fd8-photos.leclercdrive.fr/image.ashx?id=2805381&use=l&cat=p&typeid=i","cat":324846},{"id":106471,"n":"Plat bébé soir Blédichef 15mois Poireau pomme de terre - 250g","p":2.44,"u":"9,76 €/KG","img":"https://fd8-photos.leclercdrive.fr/image.ashx?id=2143681&use=l&cat=p&typeid=i","cat":312239},{"id":106473,"n":"Repas bébé Blédichef 15 mois Patate légumes poulet - 250g","p":1.92,"u":"7,68 €/KG","img":"https://fd8-photos.leclercdrive.fr/image.ashx?id=2877703&use=l&cat=p&typeid=i","cat":312238},{"id":106474,"n":"Repas bébé Blédichef 15 mois Pdt champignon poulet - 250g","p":1.6,"u":"6,40 €/KG","img":"https://fd8-photos.leclercdrive.fr/image.ashx?id=2479685&use=l&cat=p&typeid=i","cat":312238},{"id":106477,"n":"Repas bébé Blédichef 18 mois  Blanquette de volaille - 250g","p":1.6,"u":"6,40 €/KG","img":"https://fd8-photos.leclercdrive.fr/image.ashx?id=2558861&use=l&cat=p&typeid=i","cat":312238},{"id":106481,"n":"Repas bébé Blédichef 24 mois  Riz légumes poulet curry - 250g","p":1.79,"u":"7,16 €/KG","img":"https://fd8-photos.leclercdrive.fr/image.ashx?id=2951590&use=l&cat=p&typeid=i","cat":312238},{"id":106568,"n":"Tropicana Jus multifruits 90 cl","p":2.95,"u":"3,28 €/L","img":"https://fd8-photos.leclercdrive.fr/image.ashx?id=2529276&use=l&cat=p&typeid=i","cat":285435},{"id":106578,"n":"Saucisses de Strasbourg  cocktail - 300g","p":2.24,"u":"7,47 €/KG","img":"https://fd8-photos.leclercdrive.fr/image.ashx?id=2817599&use=l&cat=p&typeid=i","cat":316012},{"id":106605,"n":"Ravioli Lustucru Selection  Jambon fromage 300g","p":2.45,"u":"8,17 €/KG","img":"https://fd8-photos.leclercdrive.fr/image.ashx?id=2962527&use=l&cat=p&typeid=i","cat":333682},{"id":106614,"n":"Rosette Justin Bridou  19 Tranches - 170g","p":2.95,"u":"17,35 €/KG","img":"https://fd8-photos.leclercdrive.fr/image.ashx?id=2948932&use=l&cat=p&typeid=i","cat":316007},{"id":106639,"n":"Culotte écologiq Mots d'Enfants T5 : 12/18kg - x20","p":8.7,"u":"0,44 €/P","img":"https://fd8-photos.leclercdrive.fr/image.ashx?id=2907243&use=l&cat=p&typeid=i","cat":290633},{"id":106640,"n":"Bac gourmand Eskiss Citron meringue - 500g","p":3.66,"u":"7,32 €/KG","img":"https://fd8-photos.leclercdrive.fr/image.ashx?id=2982646&use=l&cat=p&typeid=i","cat":284263},{"id":106641,"n":"Culotte écologiq Mots d'Enfants T6 : +16kg - x18","p":7.9,"u":"0,44 €/P","img":"https://fd8-photos.leclercdrive.fr/image.ashx?id=2907246&use=l&cat=p&typeid=i","cat":290633},{"id":106695,"n":"Rasoir jetable Gillette BlueII Plus - x20","p":6.53,"u":"0,33 €/P","img":"https://fd8-photos.leclercdrive.fr/image.ashx?id=2956655&use=l&cat=p&typeid=i","cat":284616},{"id":106705,"n":"Café Espresso Malongo Commerce équitable x16 -104g","p":5.2,"u":"50,00 €/KG","img":"https://fd8-photos.leclercdrive.fr/image.ashx?id=2971963&use=l&cat=p&typeid=i","cat":293241},{"id":106732,"n":"Sirop La Maison Guiot Citron jaune de Sicile - 70cl","p":3.55,"u":"5,07 €/L","img":"https://fd8-photos.leclercdrive.fr/image.ashx?id=2857138&use=l&cat=p&typeid=i","cat":295020},{"id":106750,"n":"Eau micellaire So Bio Etic Aloe purifiante bio - 500ml","p":6.27,"u":"12,54 €/L","img":"https://fd8-photos.leclercdrive.fr/image.ashx?id=2577009&use=l&cat=p&typeid=i","cat":284603},{"id":106801,"n":"Colle Ni Clou Ni Vis Pattex Extra fort & rapide - 52g","p":5.55,"u":"106,73 €/KG","img":"https://fd8-photos.leclercdrive.fr/image.ashx?id=2664707&use=l&cat=p&typeid=i","cat":300576},{"id":106806,"n":"Colle Ni Clou Ni Vis Pattex Extra fort & Rapide - 380g","p":7.84,"u":"20,63 €/KG","img":"https://fd8-photos.leclercdrive.fr/image.ashx?id=2673631&use=l&cat=p&typeid=i","cat":300576},{"id":106979,"n":"Crème glacée Häagen-Dazs  Vanille cookie dough - 394g","p":3.98,"u":"10,10 €/KG","img":"https://fd8-photos.leclercdrive.fr/image.ashx?id=2893459&use=l&cat=p&typeid=i","cat":284725},{"id":106985,"n":"Mini pots Häagen-Dazs  Vanille Collection x4 - 321g","p":4.79,"u":"14,92 €/KG","img":"https://fd8-photos.leclercdrive.fr/image.ashx?id=2992858&use=l&cat=p&typeid=i","cat":284725},{"id":106986,"n":"Crème glacée Häagen-Dazs  Vanille pralines - 400g","p":5.69,"u":"14,23 €/KG","img":"https://fd8-photos.leclercdrive.fr/image.ashx?id=2893453&use=l&cat=p&typeid=i","cat":284725},{"id":106987,"n":"Mini pots Häagen-Dazs Caramel  Beurre salé x4 - 324g","p":4.79,"u":"14,78 €/KG","img":"https://fd8-photos.leclercdrive.fr/image.ashx?id=2992849&use=l&cat=p&typeid=i","cat":284725},{"id":107145,"n":"Pur jus de raisin Bio Village Bio - 6x20cl","p":4.09,"u":"3,41 €/L","img":"https://fd8-photos.leclercdrive.fr/image.ashx?id=2595549&use=l&cat=p&typeid=i","cat":284524},{"id":107166,"n":"Faisselle Rians 6%mg - 6x100g","p":2.62,"u":"4,37 €/KG","img":"https://fd8-photos.leclercdrive.fr/image.ashx?id=2396701&use=l&cat=p&typeid=i","cat":284409},{"id":107191,"n":"Cabecou du Périgord Rians 5x35g","p":3.64,"u":"20,80 €/KG","img":"https://fd8-photos.leclercdrive.fr/image.ashx?id=2576214&use=l&cat=p&typeid=i","cat":314031},{"id":107384,"n":"Bacon Justin Bridou  16 Tranches - 160g","p":2.75,"u":"17,19 €/KG","img":"https://fd8-photos.leclercdrive.fr/image.ashx?id=2924110&use=l&cat=p&typeid=i","cat":316007},{"id":107572,"n":"Chemise carte Les Minions Banana - 3 rabats 24x32cm","p":3.25,"img":"https://fd8-photos.leclercdrive.fr/image.ashx?id=1687709&use=l&cat=p&typeid=i","cat":284745},{"id":107645,"n":"Aluminium Albal 20m","p":3.99,"img":"https://fd8-photos.leclercdrive.fr/image.ashx?id=2551444&use=l&cat=p&typeid=i","cat":334134},{"id":107646,"n":"Film 2 en 1 Albal  20m","p":3.25,"img":"https://fd8-photos.leclercdrive.fr/image.ashx?id=2551453&use=l&cat=p&typeid=i","cat":334134},{"id":107653,"n":"Lait de coco bio Jardin Bio Bio - 225ml","p":1.41,"u":"6,27 €/L","img":"https://fd8-photos.leclercdrive.fr/image.ashx?id=2875471&use=l&cat=p&typeid=i","cat":288992},{"id":107789,"n":"Vinaigre balsamique de modène  IGP Bio 50cl","p":5.95,"u":"11,90 €/L","img":"https://fd8-photos.leclercdrive.fr/image.ashx?id=2737468&use=l&cat=p&typeid=i","cat":298543},{"id":107825,"n":"Bac gourmand Eskiss Vanille pécan - 500g","p":3.36,"u":"6,72 €/KG","img":"https://fd8-photos.leclercdrive.fr/image.ashx?id=2982640&use=l&cat=p&typeid=i","cat":284263},{"id":107827,"n":"Bac gourmand Eskiss Vanille caramel - 500g","p":4.11,"u":"8,22 €/KG","img":"https://fd8-photos.leclercdrive.fr/image.ashx?id=2982649&use=l&cat=p&typeid=i","cat":284263},{"id":107833,"n":"Vin Union Européenne rosé BIB 5L","p":6.66,"u":"1,33 €/L","img":"https://fd8-photos.leclercdrive.fr/image.ashx?id=2116813&use=l&cat=p&typeid=i","cat":289560},{"id":107841,"n":"Bac gourmand Eskiss Crème brulée - 500g","p":4.36,"u":"8,72 €/KG","img":"https://fd8-photos.leclercdrive.fr/image.ashx?id=2982643&use=l&cat=p&typeid=i","cat":284263},{"id":107847,"n":"Bac gourmand Eskiss Vanille speculoos - 500g","p":3.19,"u":"6,38 €/KG","img":"https://fd8-photos.leclercdrive.fr/image.ashx?id=2982652&use=l&cat=p&typeid=i","cat":284263},{"id":107864,"n":"Bac gourmand Eskiss Café - 500g","p":2.99,"u":"5,98 €/KG","img":"https://fd8-photos.leclercdrive.fr/image.ashx?id=2982655&use=l&cat=p&typeid=i","cat":284263},{"id":107868,"n":"Bac gourmand Eskiss Chocolat Liegeois - 500g","p":2.99,"u":"5,98 €/KG","img":"https://fd8-photos.leclercdrive.fr/image.ashx?id=2982658&use=l&cat=p&typeid=i","cat":284263},{"id":107870,"n":"Bac gourmand Eskiss Vanille fruits rouge - 500g","p":3.49,"u":"6,98 €/KG","img":"https://fd8-photos.leclercdrive.fr/image.ashx?id=2982661&use=l&cat=p&typeid=i","cat":284263},{"id":108109,"n":"Agrafeuse Universal Maped Multicoloris 26/6 + 400 agrafes","p":8.75,"img":"https://fd8-photos.leclercdrive.fr/image.ashx?id=2510070&use=l&cat=p&typeid=i","cat":334133},{"id":108126,"n":"Agrafeuse Universal Maped Argent - 26/6 + 400 agrafes","p":8.75,"img":"https://fd8-photos.leclercdrive.fr/image.ashx?id=1686949&use=l&cat=p&typeid=i","cat":334133},{"id":108146,"n":"Boisson aux fruits Oasis Tropical - 2L","p":2.39,"u":"1,20 €/L","img":"https://fd8-photos.leclercdrive.fr/image.ashx?id=2996569&use=l&cat=p&typeid=i","cat":295018},{"id":108180,"n":"Compotes Pom'Potes Gourdes BIO  Multivariétés - 12x90g","p":6.65,"u":"6,16 €/KG","img":"https://fd8-photos.leclercdrive.fr/image.ashx?id=2926212&use=l&cat=p&typeid=i","cat":284508},{"id":108533,"n":"Thon Blanc MSC Petit Navire Au naturel - 2x56g","p":3.11,"u":"27,77 €/KG","img":"https://fd8-photos.leclercdrive.fr/image.ashx?id=2521864&use=l&cat=p&typeid=i","cat":303867},{"id":108668,"n":"Bière blonde La Goudale 7.2% vol. - 50cl","p":1.79,"u":"3,58 €/L","img":"https://fd8-photos.leclercdrive.fr/image.ashx?id=2513658&use=l&cat=p&typeid=i","cat":334852},{"id":108695,"n":"Beurre de cacahuètes Menguy's Creamy - 454g","p":4.95,"u":"10,90 €/KG","img":"https://fd8-photos.leclercdrive.fr/image.ashx?id=2844082&use=l&cat=p&typeid=i","cat":284481},{"id":108707,"n":"Filtres à café Uni vert Bruns n°4 - x80","p":1.33,"u":"0,02 €/P","img":"https://fd8-photos.leclercdrive.fr/image.ashx?id=2634878&use=l&cat=p&typeid=i","cat":284751},{"id":108717,"n":"Vinaigrette légère Amora Moutarde - 380ml","p":1.65,"u":"4,34 €/L","img":"https://fd8-photos.leclercdrive.fr/image.ashx?id=2654170&use=l&cat=p&typeid=i","cat":284456},{"id":108724,"n":"Thé glacé Bio Village Bio Pêche - 1L","p":1.36,"u":"1,36 €/L","img":"https://fd8-photos.leclercdrive.fr/image.ashx?id=2670392&use=l&cat=p&typeid=i","cat":295019},{"id":108725,"n":"Thé glacé Bio Village Bio Menthe - 1L","p":1.4,"u":"1,40 €/L","img":"https://fd8-photos.leclercdrive.fr/image.ashx?id=2664362&use=l&cat=p&typeid=i","cat":295019},{"id":108799,"n":"Pain Burger Harrys Nature - 300g","p":1.67,"u":"5,57 €/KG","img":"https://fd8-photos.leclercdrive.fr/image.ashx?id=2569476&use=l&cat=p&typeid=i","cat":325067},{"id":108804,"n":"Compotes Pom'Potes Gourdes  Pomme Nature - 4x90g","p":1.89,"u":"5,25 €/KG","img":"https://fd8-photos.leclercdrive.fr/image.ashx?id=2968079&use=l&cat=p&typeid=i","cat":284508},{"id":108837,"n":"Lait entier Lactel Vitamine D - Bouteille - 6x50cl","p":7.2,"u":"2,40 €/L","img":"https://fd8-photos.leclercdrive.fr/image.ashx?id=2887866&use=l&cat=p&typeid=i","cat":285610},{"id":108841,"n":"Foie morue nature Nautilus MSC - 25% sel - 120g","p":1.64,"u":"13,67 €/KG","img":"https://fd8-photos.leclercdrive.fr/image.ashx?id=2733610&use=l&cat=p&typeid=i","cat":305147},{"id":108843,"n":"Capsules Nescafé Dolce Gusto  Espresso Intenso - x30","p":8.75,"u":"41,67 €/KG","img":"https://fd8-photos.leclercdrive.fr/image.ashx?id=2859869&use=l&cat=p&typeid=i","cat":293239},{"id":108844,"n":"Plat bébé soir Blédichef 12mois Spaghetti crème légumes -2x230g","p":2.91,"u":"6,33 €/KG","img":"https://fd8-photos.leclercdrive.fr/image.ashx?id=2643494&use=l&cat=p&typeid=i","cat":312239},{"id":108891,"n":"Croccante alla Mozzarella  Galbani - 150g","p":3.17,"u":"21,13 €/KG","img":"https://fd8-photos.leclercdrive.fr/image.ashx?id=2786000&use=l&cat=p&typeid=i","cat":314027},{"id":108931,"n":"Bière Printemps fleurs Hibiscus Ninkasi - 75cl","p":5.73,"u":"7,64 €/L","img":"https://fd8-photos.leclercdrive.fr/image.ashx?id=2290964&use=l&cat=p&typeid=i","cat":334872},{"id":108975,"n":"Lames Gillette Skinguard Sensitive - 5+5","p":31.42,"u":"3,14 €/P","img":"https://fd8-photos.leclercdrive.fr/image.ashx?id=1883405&use=l&cat=p&typeid=i","cat":284616},{"id":108981,"n":"Bâtonnets Oasis Citron/orange - x10 - 400g","p":3.05,"u":"7,63 €/KG","img":"https://fd8-photos.leclercdrive.fr/image.ashx?id=2877832&use=l&cat=p&typeid=i","cat":284265},{"id":108988,"n":"Whisky Chivas Regal XV Blended Scotch 40% vol - 70cl","p":37.9,"u":"54,14 €/L","img":"https://fd8-photos.leclercdrive.fr/image.ashx?id=2877028&use=l&cat=p&typeid=i","cat":284547},{"id":108997,"n":"Crème dessert Danette vanille chocolat -16x115g","p":4.83,"u":"2,63 €/KG","img":"https://fd8-photos.leclercdrive.fr/image.ashx?id=2949850&use=l&cat=p&typeid=i","cat":285041},{"id":109005,"n":"Pile auditive Foxter Taille 10Blister - 16 pièces","p":4.5,"u":"0,28 €/P","img":"https://fd8-photos.leclercdrive.fr/image.ashx?id=2162570&use=l&cat=p&typeid=i","cat":300572},{"id":109006,"n":"Pile auditive Foxter Taille 10 Blister - 6 pièces","p":1.99,"u":"0,33 €/P","img":"https://fd8-photos.leclercdrive.fr/image.ashx?id=2162573&use=l&cat=p&typeid=i","cat":300572},{"id":109112,"n":"Nectar Bio Village Bio Mangue - 1L","p":2.49,"u":"2,49 €/L","img":"https://fd8-photos.leclercdrive.fr/image.ashx?id=2954121&use=l&cat=p&typeid=i","cat":284916},{"id":109115,"n":"Nectar Bio Village Bio Abricot - 1L","p":2.69,"u":"2,69 €/L","img":"https://fd8-photos.leclercdrive.fr/image.ashx?id=2954124&use=l&cat=p&typeid=i","cat":284915},{"id":109116,"n":"Nectar de goyave Bio Village Bio - 1L","p":2.35,"u":"2,35 €/L","img":"https://fd8-photos.leclercdrive.fr/image.ashx?id=2954127&use=l&cat=p&typeid=i","cat":284916},{"id":109118,"n":"Pur jus de fruits Bio Village Bio - 1L","p":3.64,"u":"3,64 €/L","img":"https://fd8-photos.leclercdrive.fr/image.ashx?id=2901563&use=l&cat=p&typeid=i","cat":284917},{"id":109138,"n":"Smoothie innocent  énergie zeste 750ml","p":2.84,"u":"3,79 €/L","img":"https://fd8-photos.leclercdrive.fr/image.ashx?id=2892223&use=l&cat=p&typeid=i","cat":285435},{"id":109267,"n":"Panaché Force 4 0,4° - 10x25cl","p":4.4,"u":"1,76 €/L","img":"https://fd8-photos.leclercdrive.fr/image.ashx?id=2473321&use=l&cat=p&typeid=i","cat":334877},{"id":109309,"n":"Bol semoule 8 mois Bio Village Bio Patate douce lait - 2x200g","p":2.49,"u":"6,23 €/KG","img":"https://fd8-photos.leclercdrive.fr/image.ashx?id=2704807&use=l&cat=p&typeid=i","cat":312239},{"id":109310,"n":"Bol Bio Village 6 mois bio Petits pois Riz Maïs - 2x200g","p":2.21,"u":"5,53 €/KG","img":"https://fd8-photos.leclercdrive.fr/image.ashx?id=2704819&use=l&cat=p&typeid=i","cat":312239},{"id":109317,"n":"Bol Bio village 6 mois Bio Ratatouille Quinoa - 2x200g","p":2.45,"u":"6,13 €/KG","img":"https://fd8-photos.leclercdrive.fr/image.ashx?id=2704822&use=l&cat=p&typeid=i","cat":312239},{"id":109322,"n":"Bol legume vert riz Bio Village Saumon bio - 6 mois - 2x200g","p":2.55,"u":"6,38 €/KG","img":"https://fd8-photos.leclercdrive.fr/image.ashx?id=2704792&use=l&cat=p&typeid=i","cat":312235},{"id":109348,"n":"Panaché Falsbourg <0.5% vol. Canettes - 6x33cl","p":3.11,"u":"1,57 €/L","img":"https://fd8-photos.leclercdrive.fr/image.ashx?id=2637958&use=l&cat=p&typeid=i","cat":334853},{"id":109369,"n":"Panaché Falsbourg  <0.5% vol. - 10X25cl","p":2.99,"u":"1,20 €/L","img":"https://fd8-photos.leclercdrive.fr/image.ashx?id=2637967&use=l&cat=p&typeid=i","cat":334877},{"id":109387,"n":"Pur jus Tropicana Réveil des Tropiques 90cl","p":2.85,"u":"3,17 €/L","img":"https://fd8-photos.leclercdrive.fr/image.ashx?id=2529279&use=l&cat=p&typeid=i","cat":285435},{"id":109398,"n":"Filet de poulet  La Nouvelle Agriculture x2 260g","p":4.82,"u":"18,54 €/KG","img":"https://fd8-photos.leclercdrive.fr/image.ashx?id=2629079&use=l&cat=p&typeid=i","cat":284336},{"id":109399,"n":"Fine escalope de dinde noire La Nouvelle Agriculture- 100g","p":2.32,"u":"23,20 €/KG","img":"https://fd8-photos.leclercdrive.fr/image.ashx?id=2364282&use=l&cat=p&typeid=i","cat":284337},{"id":109418,"n":"Rillettes de Thon MSC Ronde des Mers - 125g","p":1.69,"u":"13,52 €/KG","img":"https://fd8-photos.leclercdrive.fr/image.ashx?id=2436696&use=l&cat=p&typeid=i","cat":303867},{"id":109437,"n":"Repas bébé Blédichef 12 mois  Couscous - 2x230g","p":3.1,"u":"6,74 €/KG","img":"https://fd8-photos.leclercdrive.fr/image.ashx?id=2479706&use=l&cat=p&typeid=i","cat":312237},{"id":109441,"n":"Thon entier MSC Pêche Océan Naturel - 140g","p":2.17,"u":"15,50 €/KG","img":"https://fd8-photos.leclercdrive.fr/image.ashx?id=2942211&use=l&cat=p&typeid=i","cat":303867},{"id":109444,"n":"Bol brocolis Bio Village Pomme de terre bio 4mois 2x120g","p":1.45,"u":"6,04 €/KG","img":"https://fd8-photos.leclercdrive.fr/image.ashx?id=2704756&use=l&cat=p&typeid=i","cat":312234},{"id":109447,"n":"Bol carottes Bio Village Bio - 4 mois - 2x120g","p":1.25,"u":"5,21 €/KG","img":"https://fd8-photos.leclercdrive.fr/image.ashx?id=2704768&use=l&cat=p&typeid=i","cat":312239},{"id":109449,"n":"Jus innocent ananas 900ml","p":3.49,"u":"3,88 €/L","img":"https://fd8-photos.leclercdrive.fr/image.ashx?id=2184732&use=l&cat=p&typeid=i","cat":285435},{"id":109452,"n":"Bol potiron courge bio Bio Village - 4 mois - 2x120g","p":1.45,"u":"6,04 €/KG","img":"https://fd8-photos.leclercdrive.fr/image.ashx?id=2704816&use=l&cat=p&typeid=i","cat":312234},{"id":109455,"n":"Boisson lactée Danao Orange Banane Fraise - 900ml","p":2.2,"u":"2,44 €/L","img":"https://fd8-photos.leclercdrive.fr/image.ashx?id=2609908&use=l&cat=p&typeid=i","cat":285435},{"id":109456,"n":"AOP Alsace Sylvaner sec Wolfberger 75 cl","p":6.74,"u":"8,99 €/L","img":"https://fd8-photos.leclercdrive.fr/image.ashx?id=2692329&use=l&cat=p&typeid=i","cat":289557},{"id":109457,"n":"Boisson lactée Danao Pêche Abricot - 900ml","p":2.2,"u":"2,44 €/L","img":"https://fd8-photos.leclercdrive.fr/image.ashx?id=2606367&use=l&cat=p&typeid=i","cat":285435},{"id":109468,"n":"Poulet  La Nouvelle Agriculture Cuisse - x2 - 360g","p":3.05,"u":"8,47 €/KG","img":"https://fd8-photos.leclercdrive.fr/image.ashx?id=2629082&use=l&cat=p&typeid=i","cat":284336},{"id":109470,"n":"Pile alcaline Varta Longlife AAA LR03 - x20","p":19.59,"img":"https://fd8-photos.leclercdrive.fr/image.ashx?id=2306318&use=l&cat=p&typeid=i","cat":300572},{"id":109472,"n":"Pile alcaline Varta Longlife AA LR06 - x20","p":14.91,"img":"https://fd8-photos.leclercdrive.fr/image.ashx?id=2301001&use=l&cat=p&typeid=i","cat":300572},{"id":109509,"n":"crème dessert café danette - 4x125g","p":1.69,"u":"3,38 €/KG","img":"https://fd8-photos.leclercdrive.fr/image.ashx?id=2961867&use=l&cat=p&typeid=i","cat":285041},{"id":109548,"n":"Olives vertes bio Bio Village - 160g","p":2.79,"u":"17,44 €/KG","img":"https://fd8-photos.leclercdrive.fr/image.ashx?id=2552448&use=l&cat=p&typeid=i","cat":284450},{"id":109555,"n":"Poudre à lever Bio Village Bio - 5x35g","p":0.72,"u":"20,57 €/KG","img":"https://fd8-photos.leclercdrive.fr/image.ashx?id=1694832&use=l&cat=p&typeid=i","cat":284504},{"id":109564,"n":"AdBlue Diframa avec flexible 10L","p":14.95,"u":"1,50 €/L","img":"https://fd8-photos.leclercdrive.fr/image.ashx?id=1863624&use=l&cat=p&typeid=i","cat":298253},{"id":109565,"n":"Thon entier MSC Pêche Océan Naturel - 93g","p":1.99,"u":"21,40 €/KG","img":"https://fd8-photos.leclercdrive.fr/image.ashx?id=2942217&use=l&cat=p&typeid=i","cat":303867},{"id":109567,"n":"AdBlue Diframa avec flexible 5L","p":7.95,"u":"1,59 €/L","img":"https://fd8-photos.leclercdrive.fr/image.ashx?id=1867723&use=l&cat=p&typeid=i","cat":298253},{"id":109607,"n":"Skyr Danone nature 0%mg - 480g","p":3.45,"u":"7,19 €/KG","img":"https://fd8-photos.leclercdrive.fr/image.ashx?id=2810615&use=l&cat=p&typeid=i","cat":284409},{"id":109609,"n":"Petit suisse nature Gervais 3,9% MG - 12x60g","p":2.95,"u":"4,10 €/KG","img":"https://fd8-photos.leclercdrive.fr/image.ashx?id=2256757&use=l&cat=p&typeid=i","cat":284409},{"id":109663,"n":"Lait concentré sucré Nestlé Ecrémé sans lactose - 387g","p":2.73,"u":"7,05 €/KG","img":"https://fd8-photos.leclercdrive.fr/image.ashx?id=2301349&use=l&cat=p&typeid=i","cat":299162},{"id":109664,"n":"Tomato Ketchup Allégé Heinz 50% sucre/sel en moins - 625g","p":3.29,"u":"5,26 €/KG","img":"https://fd8-photos.leclercdrive.fr/image.ashx?id=2927717&use=l&cat=p&typeid=i","cat":284455},{"id":109666,"n":"Café en grains L'OR Sélection 100% Arabica N° 6 1kg","p":18.63,"u":"18,63 €/KG","img":"https://fd8-photos.leclercdrive.fr/image.ashx?id=3000483&use=l&cat=p&typeid=i","cat":293237},{"id":109670,"n":"Compotes Pom'Potes Gourdes  Mix de Pommes - 20x90g","p":7.49,"u":"4,16 €/KG","img":"https://fd8-photos.leclercdrive.fr/image.ashx?id=2563349&use=l&cat=p&typeid=i","cat":284508},{"id":109673,"n":"Gambas nature décortiquées cuites - ASC. 100g","p":4.21,"u":"42,10 €/KG","img":"https://fd8-photos.leclercdrive.fr/image.ashx?id=2542420&use=l&cat=p&typeid=i","cat":284343},{"id":109742,"n":"Jus pour bébé NATURNES BIO Poire Abricot 6M+ - 20cl","p":0.81,"u":"4,05 €/L","img":"https://fd8-photos.leclercdrive.fr/image.ashx?id=2532258&use=l&cat=p&typeid=i","cat":312388},{"id":109749,"n":"Liquide de rinçage Uni Vert Lave-vaisselle Ecologique-750ml","p":1.99,"u":"2,65 €/L","img":"https://fd8-photos.leclercdrive.fr/image.ashx?id=2966403&use=l&cat=p&typeid=i","cat":284657},{"id":109753,"n":"Sauce crudité Amora Nature - 380ml","p":1.99,"u":"5,24 €/KG","img":"https://fd8-photos.leclercdrive.fr/image.ashx?id=2644995&use=l&cat=p&typeid=i","cat":284456},{"id":109756,"n":"Sauce gourmet Amora Poivre - 188g","p":1.63,"u":"8,67 €/KG","img":"https://fd8-photos.leclercdrive.fr/image.ashx?id=2181056&use=l&cat=p&typeid=i","cat":318430},{"id":109842,"n":"Wings party Maître Coq Barbecue - 400g","p":4.99,"u":"12,48 €/KG","img":"https://fd8-photos.leclercdrive.fr/image.ashx?id=2095620&use=l&cat=p&typeid=i","cat":333685},{"id":109856,"n":"AOP Vin d'Alsace Pinot blanc vin blanc Rebmann - 75 cl","p":4.99,"u":"6,65 €/L","img":"https://fd8-photos.leclercdrive.fr/image.ashx?id=2965524&use=l&cat=p&typeid=i","cat":289557},{"id":109857,"n":"AOC Luberon Rouge Rives & Terrasses - 75cl","p":3.49,"u":"4,65 €/L","img":"https://fd8-photos.leclercdrive.fr/image.ashx?id=2756888&use=l&cat=p&typeid=i","cat":289556},{"id":109873,"n":"Pur jus de pomme Jafaden Douceur - 1L","p":1.5,"u":"1,50 €/L","img":"https://fd8-photos.leclercdrive.fr/image.ashx?id=2863178&use=l&cat=p&typeid=i","cat":284522},{"id":109892,"n":"Soda Coca-Cola Cherry Bouteille - 1,25L","p":1.84,"u":"1,47 €/L","img":"https://fd8-photos.leclercdrive.fr/image.ashx?id=2678161&use=l&cat=p&typeid=i","cat":284530},{"id":109893,"n":"Soda Coca-Cola Vanille Bouteille - 1,25L","p":2.09,"u":"1,67 €/L","img":"https://fd8-photos.leclercdrive.fr/image.ashx?id=2678164&use=l&cat=p&typeid=i","cat":284530},{"id":109948,"n":"Boisson à base de vin Very Vin blanc - Pêche - 3L","p":7.8,"u":"2,60 €/L","img":"https://fd8-photos.leclercdrive.fr/image.ashx?id=1882151&use=l&cat=p&typeid=i","cat":304569},{"id":110000,"n":"Cornichons fins AMORA Bocal - 540g","p":3.9,"u":"7,22 €/KG","img":"https://fd8-photos.leclercdrive.fr/image.ashx?id=2672710&use=l&cat=p&typeid=i","cat":284458},{"id":110007,"n":"Tam Tam l'Original Saint-Michel - 275g","p":1.89,"u":"6,87 €/KG","img":"https://fd8-photos.leclercdrive.fr/image.ashx?id=2936239&use=l&cat=p&typeid=i","cat":284495},{"id":110009,"n":"Boisson végétale Bio Village Epeautre bio - 1l","p":1.9,"u":"1,90 €/L","img":"https://fd8-photos.leclercdrive.fr/image.ashx?id=2384935&use=l&cat=p&typeid=i","cat":316067},{"id":110022,"n":"Chien Medium/maxi Adulte One  Contrôle de poids - dinde 2.5kg","p":8.48,"u":"3,39 €/KG","img":"https://fd8-photos.leclercdrive.fr/image.ashx?id=2434494&use=l&cat=p&typeid=i","cat":284672},{"id":110027,"n":"Croquettes Chat bifensis One Stérilisé Contrôle poids 1.5kg","p":8.85,"u":"5,90 €/KG","img":"https://fd8-photos.leclercdrive.fr/image.ashx?id=2871142&use=l&cat=p&typeid=i","cat":284680},{"id":110039,"n":"Boisson amande Nat & Vie Sans sucre - 1L","p":1.36,"u":"1,36 €/L","img":"https://fd8-photos.leclercdrive.fr/image.ashx?id=2882340&use=l&cat=p&typeid=i","cat":316067},{"id":110048,"n":"Tendres effilés Chats Felix Encore plus de sauce 12x85g","p":4.99,"u":"4,89 €/KG","img":"https://fd8-photos.leclercdrive.fr/image.ashx?id=2957662&use=l&cat=p&typeid=i","cat":285286},{"id":110052,"n":"Sucre Perles Daddy 350g","p":1.56,"u":"4,46 €/KG","img":"https://fd8-photos.leclercdrive.fr/image.ashx?id=2826960&use=l&cat=p&typeid=i","cat":284502},{"id":110086,"n":"Joker Le Fruit Jus d'orange Et d'agrumes - 1L","p":2.77,"u":"2,77 €/L","img":"https://fd8-photos.leclercdrive.fr/image.ashx?id=2678960&use=l&cat=p&typeid=i","cat":284521},{"id":110089,"n":"Croquettes chat  One Nature stérilisé boeuf - 1.4kg","p":5.86,"u":"4,19 €/KG","img":"https://fd8-photos.leclercdrive.fr/image.ashx?id=2383907&use=l&cat=p&typeid=i","cat":284680},{"id":110095,"n":"Sauce chinoise 290g","p":1.79,"u":"6,17 €/KG","img":"https://fd8-photos.leclercdrive.fr/image.ashx?id=1951139&use=l&cat=p&typeid=i","cat":318431},{"id":110098,"n":"Sirop la maison Guiot Framboise - 70cl","p":3.19,"u":"4,56 €/L","img":"https://fd8-photos.leclercdrive.fr/image.ashx?id=2857141&use=l&cat=p&typeid=i","cat":295020},{"id":110101,"n":"Huile d'olive vierge extra 1.5L","p":12.9,"u":"8,60 €/L","img":"https://fd8-photos.leclercdrive.fr/image.ashx?id=2898035&use=l&cat=p&typeid=i","cat":284453},{"id":110121,"n":"Whisky Aberlour 10 ans Forest Single Malt Scotch 40% vol 70cl","p":27.45,"u":"39,21 €/L","img":"https://fd8-photos.leclercdrive.fr/image.ashx?id=3014871&use=l&cat=p&typeid=i","cat":284547},{"id":110123,"n":"Pavé Gourmand Garden Gourmet Fromage Soja et Blé 180g","p":4.91,"u":"27,28 €/KG","img":"https://fd8-photos.leclercdrive.fr/image.ashx?id=3011887&use=l&cat=p&typeid=i","cat":316036},{"id":110130,"n":"Dessert lacté Bio Village Bio - Abricot 6-9 mois 4x100g","p":2.04,"u":"5,10 €/KG","img":"https://fd8-photos.leclercdrive.fr/image.ashx?id=2709752&use=l&cat=p&typeid=i","cat":312392},{"id":110139,"n":"Dessert lacté bio Bio Village Brassé nature sucré - 4x100g","p":2.12,"u":"5,30 €/KG","img":"https://fd8-photos.leclercdrive.fr/image.ashx?id=2709761&use=l&cat=p&typeid=i","cat":312392},{"id":110149,"n":"Lait C'est Qui Le Patron Demi-écrémé - 6x50cl","p":5.04,"u":"1,68 €/L","img":"https://fd8-photos.leclercdrive.fr/image.ashx?id=2759939&use=l&cat=p&typeid=i","cat":284377},{"id":110150,"n":"Bol légumes  Bio Village Bio Poulet - 8mois - 2x200g","p":2.49,"u":"6,23 €/KG","img":"https://fd8-photos.leclercdrive.fr/image.ashx?id=2704780&use=l&cat=p&typeid=i","cat":312236},{"id":110154,"n":"Hachis parmentier Marie 300g","p":4.29,"u":"14,30 €/KG","img":"https://fd8-photos.leclercdrive.fr/image.ashx?id=2833315&use=l&cat=p&typeid=i","cat":333665},{"id":110159,"n":"Bol légumes saumon Bio Village Bio - 12 mois - 2x200g","p":2.69,"u":"6,73 €/KG","img":"https://fd8-photos.leclercdrive.fr/image.ashx?id=2704783&use=l&cat=p&typeid=i","cat":312237},{"id":110178,"n":"Radis ronds  Panier du Primeur - 250g","p":0.99,"u":"3,96 €/KG","img":"https://fd8-photos.leclercdrive.fr/image.ashx?id=3015117&use=l&cat=p&typeid=i","cat":284352},{"id":110179,"n":"Bol risotto Tomate Bio Village Aubergine bio - 2x200g","p":2.55,"u":"6,38 €/KG","img":"https://fd8-photos.leclercdrive.fr/image.ashx?id=2704825&use=l&cat=p&typeid=i","cat":312237},{"id":110182,"n":"Bol Spaghetti Bio Village 8mois Bio Bolognaise - 2x200g","p":2.59,"u":"6,48 €/KG","img":"https://fd8-photos.leclercdrive.fr/image.ashx?id=2704828&use=l&cat=p&typeid=i","cat":312236},{"id":110232,"n":"Lot de 6 verres illuminations 1 pièce","p":4.99,"u":"0,83 €/P","img":"https://fd8-photos.leclercdrive.fr/image.ashx?id=1707538&use=l&cat=p&typeid=i","cat":335913},{"id":110509,"n":"boisson végétale lait d'amande non grillée sans sucre alpro-1l","p":3.09,"u":"3,09 €/L","img":"https://fd8-photos.leclercdrive.fr/image.ashx?id=2980085&use=l&cat=p&typeid=i","cat":316067},{"id":110548,"n":"Gel douche Miel Ultra Doux Bio - 2x250ml","p":9.24,"u":"18,48 €/L","img":"https://fd8-photos.leclercdrive.fr/image.ashx?id=1967838&use=l&cat=p&typeid=i","cat":284594},{"id":110556,"n":"Jus innocent plus  infatigableu 750ml","p":3.05,"u":"4,07 €/L","img":"https://fd8-photos.leclercdrive.fr/image.ashx?id=2862874&use=l&cat=p&typeid=i","cat":285435},{"id":110566,"n":"Crème dépilatoire Veet Men Corps Peaux Sensibles 200ml","p":3.96,"u":"19,80 €/L","img":"https://fd8-photos.leclercdrive.fr/image.ashx?id=2965689&use=l&cat=p&typeid=i","cat":284617},{"id":110568,"n":"Gel Lubrifiant Intime Durex Naturel Confort Base Eau 100ml","p":7.29,"u":"72,90 €/L","img":"https://fd8-photos.leclercdrive.fr/image.ashx?id=2960687&use=l&cat=p&typeid=i","cat":285160},{"id":110574,"n":"Culotte absorbante Chorys Plus large - x14","p":8.65,"u":"0,62 €/P","img":"https://fd8-photos.leclercdrive.fr/image.ashx?id=2458112&use=l&cat=p&typeid=i","cat":284628},{"id":110575,"n":"Dentifrice Bionaïa Coco Aloe Vera bio - 75ml","p":1.99,"u":"26,53 €/L","img":"https://fd8-photos.leclercdrive.fr/image.ashx?id=2529549&use=l&cat=p&typeid=i","cat":284612},{"id":110595,"n":"Gel Lave-Vaisselle Sun Tout-en-1 Expert Plus 52 Lavage","p":7.9,"u":"8,78 €/L","img":"https://fd8-photos.leclercdrive.fr/image.ashx?id=2835580&use=l&cat=p&typeid=i","cat":284656},{"id":110596,"n":"Poudre Lave Vaisselle Sun Classique 90 Lavages","p":9.55,"u":"3,35 €/KG","img":"https://fd8-photos.leclercdrive.fr/image.ashx?id=2866172&use=l&cat=p&typeid=i","cat":284656},{"id":110643,"n":"Yaourt à la Grecque Délisse Caramel beurre salé - 4x150g","p":2.59,"u":"4,32 €/KG","img":"https://fd8-photos.leclercdrive.fr/image.ashx?id=2953278&use=l&cat=p&typeid=i","cat":314999},{"id":110676,"n":"Riz cuisine Bio Village Fluide bio - 3x20cl","p":2.49,"u":"4,15 €/KG","img":"https://fd8-photos.leclercdrive.fr/image.ashx?id=2717260&use=l&cat=p&typeid=i","cat":288381},{"id":110678,"n":"Bouillon cube Bio Village Volaille Bio - x8 - 80g","p":1.43,"u":"17,88 €/KG","img":"https://fd8-photos.leclercdrive.fr/image.ashx?id=2140950&use=l&cat=p&typeid=i","cat":288379},{"id":110681,"n":"Mayonaise Bio Bio Village Dijon - 238g","p":2.35,"u":"9,87 €/KG","img":"https://fd8-photos.leclercdrive.fr/image.ashx?id=2664869&use=l&cat=p&typeid=i","cat":298295},{"id":110707,"n":"Beurre gastronomique Les Croisé Doux - 82% MG - 250g","p":2.49,"u":"9,96 €/KG","img":"https://fd8-photos.leclercdrive.fr/image.ashx?id=2833005&use=l&cat=p&typeid=i","cat":284379},{"id":110708,"n":"Beurre Les Croisés Demi-sel - 80% MG - 250g","p":2.49,"u":"9,96 €/KG","img":"https://fd8-photos.leclercdrive.fr/image.ashx?id=2778084&use=l&cat=p&typeid=i","cat":284379},{"id":110712,"n":"Boisson lacté Délisse Vanille - 6x20cl","p":2.19,"u":"1,83 €/L","img":"https://fd8-photos.leclercdrive.fr/image.ashx?id=2171916&use=l&cat=p&typeid=i","cat":295246},{"id":110827,"n":"Jus pour bébé Naturnes Bio Pomme mangue 6M+ 20cl","p":0.84,"u":"4,20 €/L","img":"https://fd8-photos.leclercdrive.fr/image.ashx?id=2406235&use=l&cat=p&typeid=i","cat":312388},{"id":110846,"n":"Huile végétale So'Bio Etic de ricin bio - 50ml","p":4.08,"u":"81,60 €/L","img":"https://fd8-photos.leclercdrive.fr/image.ashx?id=2752465&use=l&cat=p&typeid=i","cat":325349},{"id":110849,"n":"Dentifrice Bionaïa Charbon bio - 75ml","p":1.99,"u":"26,53 €/L","img":"https://fd8-photos.leclercdrive.fr/image.ashx?id=2529546&use=l&cat=p&typeid=i","cat":284612},{"id":110856,"n":"Pack bières blondes 8.6 8.6%vol - 4x50cl","p":5.69,"u":"2,85 €/L","img":"https://fd8-photos.leclercdrive.fr/image.ashx?id=2841601&use=l&cat=p&typeid=i","cat":334853},{"id":110858,"n":"Jus pour bébé Naturnes 6 mois Poire Banane Bio - 200ml","p":0.81,"u":"4,05 €/L","img":"https://fd8-photos.leclercdrive.fr/image.ashx?id=2406238&use=l&cat=p&typeid=i","cat":312388},{"id":110860,"n":"Petit pot légumes  Babybio Bio  4 mois 2x130g","p":2.05,"u":"7,88 €/KG","img":"https://fd8-photos.leclercdrive.fr/image.ashx?id=2857341&use=l&cat=p&typeid=i","cat":312234},{"id":110882,"n":"Compote bébé Babybio  6mois Bio Pomme Banane Lait  Coco 260g","p":1.7,"u":"6,54 €/KG","img":"https://fd8-photos.leclercdrive.fr/image.ashx?id=2827515&use=l&cat=p&typeid=i","cat":312388},{"id":110928,"n":"Crème pamplemousse Giffard 16%vol - 50cl","p":5.5,"u":"11,00 €/L","img":"https://fd8-photos.leclercdrive.fr/image.ashx?id=2219156&use=l&cat=p&typeid=i","cat":286032},{"id":110940,"n":"Champagne blanc brut Jeanmaire Elysée-  75cl","p":15.5,"u":"20,67 €/L","img":"https://fd8-photos.leclercdrive.fr/image.ashx?id=1726568&use=l&cat=p&typeid=i","cat":284542},{"id":111085,"n":"Gourde bébé bio Babybio kiwi, Mangue, Coco 6 mois 360g","p":2.58,"u":"7,17 €/KG","img":"https://fd8-photos.leclercdrive.fr/image.ashx?id=2858237&use=l&cat=p&typeid=i","cat":312393},{"id":111114,"n":"Soda Jean's Cola Clear Bouteille - 1L","p":0.99,"u":"0,99 €/L","img":"https://fd8-photos.leclercdrive.fr/image.ashx?id=2672951&use=l&cat=p&typeid=i","cat":284530},{"id":111207,"n":"Jenlain ambrée 75cl","p":2.54,"u":"3,39 €/L","img":"https://fd8-photos.leclercdrive.fr/image.ashx?id=2732848&use=l&cat=p&typeid=i","cat":334852},{"id":111211,"n":"Pain de mie La Boulangère Seigle graines - 500g","p":2.2,"u":"4,40 €/KG","img":"https://fd8-photos.leclercdrive.fr/image.ashx?id=2912425&use=l&cat=p&typeid=i","cat":284477},{"id":111365,"n":"Lardons Eco+ Fumés - 180g","p":1.32,"u":"7,33 €/KG","img":"https://fd8-photos.leclercdrive.fr/image.ashx?id=2805066&use=l&cat=p&typeid=i","cat":316011},{"id":111368,"n":"Lardons nature Eco+ 180g","p":1.2,"u":"6,67 €/KG","img":"https://fd8-photos.leclercdrive.fr/image.ashx?id=2809888&use=l&cat=p&typeid=i","cat":316011},{"id":111369,"n":"Allumettes Eco+ Fumées - 2x100g","p":1.16,"u":"5,80 €/KG","img":"https://fd8-photos.leclercdrive.fr/image.ashx?id=2688258&use=l&cat=p&typeid=i","cat":316011},{"id":111385,"n":"Croquette chat stérilisé Ultima Boeuf - 1.5kg","p":7.55,"u":"5,03 €/KG","img":"https://fd8-photos.leclercdrive.fr/image.ashx?id=2921903&use=l&cat=p&typeid=i","cat":284680},{"id":111414,"n":"Repas bébé Blédichef 12 mois  Spaghetti bolognaise - 230g","p":1.55,"u":"6,74 €/KG","img":"https://fd8-photos.leclercdrive.fr/image.ashx?id=2643491&use=l&cat=p&typeid=i","cat":312237},{"id":111415,"n":"Repas bébé Blédichef 12 mois Purée épinards saumon - 230g","p":1.75,"u":"7,00 €/KG","img":"https://fd8-photos.leclercdrive.fr/image.ashx?id=1710731&use=l&cat=p&typeid=i","cat":312237},{"id":111418,"n":"Repas bébé Blédichef 15 mois Risotto courgette saumon - 250g","p":1.85,"u":"7,40 €/KG","img":"https://fd8-photos.leclercdrive.fr/image.ashx?id=2643488&use=l&cat=p&typeid=i","cat":312238},{"id":111419,"n":"Repas bébé Blédichef 24 mois  Macaroni carotte boeuf - 250g","p":1.6,"u":"6,40 €/KG","img":"https://fd8-photos.leclercdrive.fr/image.ashx?id=2951593&use=l&cat=p&typeid=i","cat":312238},{"id":111420,"n":"Compotes Materne Coupelles  Pomme Nature - 12x100g","p":3.54,"u":"2,95 €/KG","img":"https://fd8-photos.leclercdrive.fr/image.ashx?id=3010867&use=l&cat=p&typeid=i","cat":284508},{"id":111422,"n":"Compotes Pom'Potes Gourdes  Pomm P. Frais P. Framb - 32x90g","p":11.69,"u":"4,06 €/KG","img":"https://fd8-photos.leclercdrive.fr/image.ashx?id=2870182&use=l&cat=p&typeid=i","cat":284508},{"id":111423,"n":"Compotes Materne Coupelles  Multivariétés Jaunes - 12x100g","p":3.9,"u":"3,25 €/KG","img":"https://fd8-photos.leclercdrive.fr/image.ashx?id=3012191&use=l&cat=p&typeid=i","cat":284508},{"id":111424,"n":"Repas bébé Blédichef 12 mois  Hachis parmentier - 230g","p":1.55,"u":"6,74 €/KG","img":"https://fd8-photos.leclercdrive.fr/image.ashx?id=2478571&use=l&cat=p&typeid=i","cat":312237},{"id":111425,"n":"Chips lentilles Vico Fines herbes - 85g","p":1.35,"u":"15,88 €/KG","img":"https://fd8-photos.leclercdrive.fr/image.ashx?id=3000096&use=l&cat=p&typeid=i","cat":284447},{"id":111426,"n":"Chips lentille Vico Tomate mozzarella - 85g","p":1.79,"u":"21,06 €/KG","img":"https://fd8-photos.leclercdrive.fr/image.ashx?id=2989255&use=l&cat=p&typeid=i","cat":284447},{"id":111428,"n":"Thé vert citron vert Twinings Gingembre - 20 sachets - 32g","p":2.9,"u":"90,63 €/KG","img":"https://fd8-photos.leclercdrive.fr/image.ashx?id=2893042&use=l&cat=p&typeid=i","cat":293233},{"id":111430,"n":"Compotes Materne Coupelles  Multivariétés Rouges - 12x100g","p":3.9,"u":"3,25 €/KG","img":"https://fd8-photos.leclercdrive.fr/image.ashx?id=3010870&use=l&cat=p&typeid=i","cat":284508},{"id":111432,"n":"Plat bébé soir Blédichef 15mois Pomme de terre chou fleur -250g","p":1.79,"u":"7,16 €/KG","img":"https://fd8-photos.leclercdrive.fr/image.ashx?id=2479018&use=l&cat=p&typeid=i","cat":312239},{"id":111435,"n":"Repas bébé Blédichef 18 mois  Ratatouille poulet - 250g","p":1.6,"u":"6,40 €/KG","img":"https://fd8-photos.leclercdrive.fr/image.ashx?id=2951596&use=l&cat=p&typeid=i","cat":312238},{"id":111448,"n":"Snack Bio Village Lentilles bio - 60g","p":2.04,"u":"34,00 €/KG","img":"https://fd8-photos.leclercdrive.fr/image.ashx?id=1709361&use=l&cat=p&typeid=i","cat":284449},{"id":111449,"n":"Snack Bio Village Pois chiches bio - 60g","p":2.04,"u":"34,00 €/KG","img":"https://fd8-photos.leclercdrive.fr/image.ashx?id=1709364&use=l&cat=p&typeid=i","cat":284449},{"id":111454,"n":"Céréales Babybio Bio Dès 6 mois Céréales 3 fruits - 220g","p":4.28,"u":"19,45 €/KG","img":"https://fd8-photos.leclercdrive.fr/image.ashx?id=2837754&use=l&cat=p&typeid=i","cat":312225},{"id":111455,"n":"Pot bébé truite 6-9mois Babybio Carotte potimarron bio - 2x200g","p":2.84,"u":"7,10 €/KG","img":"https://fd8-photos.leclercdrive.fr/image.ashx?id=2857344&use=l&cat=p&typeid=i","cat":312236},{"id":111584,"n":"Gel douche miel Ultra Doux Fleur d'oranger bio - 2x250ml","p":9.24,"u":"18,48 €/L","img":"https://fd8-photos.leclercdrive.fr/image.ashx?id=1967835&use=l&cat=p&typeid=i","cat":284594},{"id":111587,"n":"Café dosettes Tassimo L'Or XL Classique x16","p":5.15,"u":"37,87 €/KG","img":"https://fd8-photos.leclercdrive.fr/image.ashx?id=2100308&use=l&cat=p&typeid=i","cat":293240},{"id":111590,"n":"Capsules café L'Or Espresso Lungo Mattinata N°5 x10","p":3.59,"u":"69,04 €/KG","img":"https://fd8-photos.leclercdrive.fr/image.ashx?id=3002309&use=l&cat=p&typeid=i","cat":284749},{"id":111641,"n":"Pur jus d'ananas Bio Village Bio - 6x20cl","p":4.98,"u":"4,15 €/L","img":"https://fd8-photos.leclercdrive.fr/image.ashx?id=2595052&use=l&cat=p&typeid=i","cat":284916},{"id":111644,"n":"Nectar multifruits Bio Village Bio - 1.5L","p":1.92,"u":"1,28 €/L","img":"https://fd8-photos.leclercdrive.fr/image.ashx?id=2954130&use=l&cat=p&typeid=i","cat":284917},{"id":111645,"n":"Nectar de pomme Bio Village Bio - 1.5L","p":1.81,"u":"1,21 €/L","img":"https://fd8-photos.leclercdrive.fr/image.ashx?id=2954133&use=l&cat=p&typeid=i","cat":284522},{"id":111696,"n":"Mini gâteau lunch classique x24 - 610g","p":12.18,"u":"19,97 €/KG","img":"https://fd8-photos.leclercdrive.fr/image.ashx?id=2238357&use=l&cat=p&typeid=i","cat":284360},{"id":111697,"n":"Mini gâteau lunch Chocolat x24 - 500g","p":12.18,"u":"24,36 €/KG","img":"https://fd8-photos.leclercdrive.fr/image.ashx?id=1739072&use=l&cat=p&typeid=i","cat":284360},{"id":111698,"n":"Mini gâteaux lunch  Aux fruits x24 - 540g","p":12.18,"u":"22,56 €/KG","img":"https://fd8-photos.leclercdrive.fr/image.ashx?id=1739075&use=l&cat=p&typeid=i","cat":284360},{"id":111700,"n":"Citronnade Bio Village Bio - 1L","p":1.24,"u":"1,24 €/L","img":"https://fd8-photos.leclercdrive.fr/image.ashx?id=2655719&use=l&cat=p&typeid=i","cat":295018},{"id":111785,"n":"Soda Pepsi Cola cerise sans sucres - 1.5L","p":2.09,"u":"1,39 €/L","img":"https://fd8-photos.leclercdrive.fr/image.ashx?id=2734924&use=l&cat=p&typeid=i","cat":284530},{"id":111828,"n":"Compote Charles & Alice Pommes Framboises - 4x100g","p":1.75,"u":"4,38 €/KG","img":"https://fd8-photos.leclercdrive.fr/image.ashx?id=2757341&use=l&cat=p&typeid=i","cat":284416},{"id":111829,"n":"Compote Charles & Alice Pommes Fraises - 4x100g","p":1.75,"u":"4,38 €/KG","img":"https://fd8-photos.leclercdrive.fr/image.ashx?id=2757338&use=l&cat=p&typeid=i","cat":284416},{"id":111894,"n":"Coloration Perfect Mousse  Schwarzkopf - 668 noisette","p":6.64,"img":"https://fd8-photos.leclercdrive.fr/image.ashx?id=2856709&use=l&cat=p&typeid=i","cat":288899},{"id":111899,"n":"Coloration Perfect Mousse Schwarzkopf - 465 châtain choco","p":6.64,"img":"https://fd8-photos.leclercdrive.fr/image.ashx?id=2921555&use=l&cat=p&typeid=i","cat":288899},{"id":111900,"n":"Coloration Permanente Olia 4.0 Chatain Pur sans ammoniaque","p":8.97,"img":"https://fd8-photos.leclercdrive.fr/image.ashx?id=2471319&use=l&cat=p&typeid=i","cat":288899},{"id":111901,"n":"Coloration Permanente Olia 4.15 Marron Glacé","p":7.82,"img":"https://fd8-photos.leclercdrive.fr/image.ashx?id=2471322&use=l&cat=p&typeid=i","cat":288899},{"id":111902,"n":"Coloration Permanente Olia 5.0 Chatain Clair","p":7.82,"img":"https://fd8-photos.leclercdrive.fr/image.ashx?id=2471325&use=l&cat=p&typeid=i","cat":288899},{"id":111903,"n":"Coloration Permanente Olia 5.3 Chatain Clair Doré","p":8.97,"img":"https://fd8-photos.leclercdrive.fr/image.ashx?id=2520494&use=l&cat=p&typeid=i","cat":288899},{"id":111904,"n":"Coloration cheveux permanente 100% Ultra Blond","p":7.14,"u":"35,70 €/KG","img":"https://fd8-photos.leclercdrive.fr/image.ashx?id=2575165&use=l&cat=p&typeid=i","cat":288899},{"id":111906,"n":"Déodorant compressé Ushuaïa Grenade - 100ml","p":3.07,"u":"30,70 €/L","img":"https://fd8-photos.leclercdrive.fr/image.ashx?id=2474608&use=l&cat=p&typeid=i","cat":284595},{"id":111907,"n":"Déodorant compressé Ushuaïa Fleur d'Oranger - 100ml","p":3.07,"u":"30,70 €/L","img":"https://fd8-photos.leclercdrive.fr/image.ashx?id=2474614&use=l&cat=p&typeid=i","cat":284595},{"id":111911,"n":"Crème anti-rides Bionaïa Bio - 50ml","p":5.59,"u":"111,80 €/L","img":"https://fd8-photos.leclercdrive.fr/image.ashx?id=2436702&use=l&cat=p&typeid=i","cat":325345},{"id":111912,"n":"AOP Côtes du Rhône rouge - 14% Cellier des Dauphins - 75 cl","p":4.53,"u":"6,04 €/L","img":"https://fd8-photos.leclercdrive.fr/image.ashx?id=1954469&use=l&cat=p&typeid=i","cat":289556},{"id":111914,"n":"Bière ambrée Grimbergen 6,5° - 12x25cl","p":10.45,"u":"3,48 €/L","img":"https://fd8-photos.leclercdrive.fr/image.ashx?id=2294378&use=l&cat=p&typeid=i","cat":334852},{"id":111921,"n":"Dessert végétal soja Alpro Mangue sans sucres - 400g","p":1.78,"u":"4,45 €/KG","img":"https://fd8-photos.leclercdrive.fr/image.ashx?id=2976086&use=l&cat=p&typeid=i","cat":316071},{"id":111938,"n":"Bière blonde Affligem  Sans alcool - 6x25cl","p":4.95,"u":"3,30 €/L","img":"https://fd8-photos.leclercdrive.fr/image.ashx?id=2979695&use=l&cat=p&typeid=i","cat":334877},{"id":111972,"n":"Serviettes Discreet Tena Lady Extra Plus - x16","p":7.25,"u":"0,45 €/P","img":"https://fd8-photos.leclercdrive.fr/image.ashx?id=2597250&use=l&cat=p&typeid=i","cat":284628},{"id":111987,"n":"Repas bébé Blédichef 18 mois  Pâtes boeuf bourguignon - 250g","p":1.6,"u":"6,40 €/KG","img":"https://fd8-photos.leclercdrive.fr/image.ashx?id=2643746&use=l&cat=p&typeid=i","cat":312238},{"id":111988,"n":"Plat bébé soir Blédichef 18mois Pâtes carotte - 250g","p":1.69,"u":"6,76 €/KG","img":"https://fd8-photos.leclercdrive.fr/image.ashx?id=2479024&use=l&cat=p&typeid=i","cat":312239},{"id":111989,"n":"Plat bébé soir Blédichef 12mois Semoule carotte - 230g","p":1.8,"u":"7,83 €/KG","img":"https://fd8-photos.leclercdrive.fr/image.ashx?id=2852363&use=l&cat=p&typeid=i","cat":312239},{"id":111990,"n":"Plat bébé soir Blédichef 18mois Pâtes épinards carotte - 250g","p":1.52,"u":"6,08 €/KG","img":"https://fd8-photos.leclercdrive.fr/image.ashx?id=2479027&use=l&cat=p&typeid=i","cat":312239},{"id":112001,"n":"Recharge Power Tabs Rubson Aero Neutre - Lot de 6","p":32.21,"img":"https://fd8-photos.leclercdrive.fr/image.ashx?id=1971368&use=l&cat=p&typeid=i","cat":300576},{"id":112017,"n":"AOP Côtes du Marmandais La Vieille Eglise - 3L","p":10.25,"u":"3,42 €/L","img":"https://fd8-photos.leclercdrive.fr/image.ashx?id=2022453&use=l&cat=p&typeid=i","cat":289560},{"id":112070,"n":"Galettes bio St Michel Au bon beurre - 130g","p":1.39,"u":"10,69 €/KG","img":"https://fd8-photos.leclercdrive.fr/image.ashx?id=2936236&use=l&cat=p&typeid=i","cat":284487},{"id":112126,"n":"Crème rose jour So'Bio Etic Précieux Argan bio - 50ml","p":13.29,"u":"265,80 €/L","img":"https://fd8-photos.leclercdrive.fr/image.ashx?id=2792687&use=l&cat=p&typeid=i","cat":325345},{"id":112145,"n":"Pomme de terre de consommation Eco+ 5kg","p":2.99,"u":"0,60 €/KG","img":"https://fd8-photos.leclercdrive.fr/image.ashx?id=2888926&use=l&cat=p&typeid=i","cat":284352},{"id":112153,"n":"Planta Fin Cuisson 79%MG - 500ml","p":2.59,"u":"5,18 €/L","img":"https://fd8-photos.leclercdrive.fr/image.ashx?id=2793083&use=l&cat=p&typeid=i","cat":315229},{"id":112210,"n":"Bière blonde Affligem 6x25cl","p":5.55,"u":"3,70 €/L","img":"https://fd8-photos.leclercdrive.fr/image.ashx?id=2530323&use=l&cat=p&typeid=i","cat":334852},{"id":112286,"n":"Terreau Beaux Jours Universel - 40L","p":4.79,"u":"0,12 €/L","img":"https://fd8-photos.leclercdrive.fr/image.ashx?id=1723042&use=l&cat=p&typeid=i","cat":335919},{"id":112291,"n":"Yaourt protéiné Hipro Myrtille 0%mg - 2x160g","p":2.39,"u":"7,47 €/KG","img":"https://fd8-photos.leclercdrive.fr/image.ashx?id=2800285&use=l&cat=p&typeid=i","cat":315000},{"id":112292,"n":"Yaourt protéiné Hipro Citron 0%mg - 2x160g","p":2.39,"u":"7,47 €/KG","img":"https://fd8-photos.leclercdrive.fr/image.ashx?id=2945415&use=l&cat=p&typeid=i","cat":315000},{"id":112293,"n":"Yaourt à boire protéiné Hipro Vanille cookie 0%mg - 300g","p":2.15,"u":"7,17 €/KG","img":"https://fd8-photos.leclercdrive.fr/image.ashx?id=2329753&use=l&cat=p&typeid=i","cat":315000},{"id":112294,"n":"Yaourt à boire protéiné Hipro Fraise framboise 0%mg - 300g","p":2.05,"u":"6,83 €/KG","img":"https://fd8-photos.leclercdrive.fr/image.ashx?id=2806060&use=l&cat=p&typeid=i","cat":315000},{"id":112335,"n":"Sauce soja carafe Kikkoman 150ml","p":3.67,"u":"24,47 €/L","img":"https://fd8-photos.leclercdrive.fr/image.ashx?id=2536290&use=l&cat=p&typeid=i","cat":288992},{"id":112381,"n":"Attache sucette Nuk Rose - 1 pièce","p":5.7,"img":"https://fd8-photos.leclercdrive.fr/image.ashx?id=1733221&use=l&cat=p&typeid=i","cat":284743},{"id":112386,"n":"Thermomètre électronique Tigex Corail -lecture rapide -1 pièce","p":9.1,"u":"Dont 0,02 € d'éco-part.","img":"https://fd8-photos.leclercdrive.fr/image.ashx?id=1560109&use=l&cat=p&typeid=i","cat":289435},{"id":112471,"n":"Mousse Danette  Chocolat - 4x60g","p":1.75,"u":"7,29 €/KG","img":"https://fd8-photos.leclercdrive.fr/image.ashx?id=2964923&use=l&cat=p&typeid=i","cat":284417},{"id":112473,"n":"Mousse Danette Vanille - 4x60g","p":1.56,"u":"6,50 €/KG","img":"https://fd8-photos.leclercdrive.fr/image.ashx?id=2980860&use=l&cat=p&typeid=i","cat":284417},{"id":112484,"n":"Vin mousseux Charles Volner Demi sec - 11%vol. - 6x75cl","p":22.89,"u":"5,09 €/L","img":"https://fd8-photos.leclercdrive.fr/image.ashx?id=2944804&use=l&cat=p&typeid=i","cat":284544},{"id":112503,"n":"Baume de nuit La Provençale Bio Anti-Âge regénérant - 50ml","p":8.69,"u":"173,80 €/L","img":"https://fd8-photos.leclercdrive.fr/image.ashx?id=2950360&use=l&cat=p&typeid=i","cat":325345},{"id":112536,"n":"Déodorant Bio Ushuaia Orange - 50ml","p":3.45,"u":"69,00 €/L","img":"https://fd8-photos.leclercdrive.fr/image.ashx?id=2352864&use=l&cat=p&typeid=i","cat":284595},{"id":112540,"n":"Gel douche Ultra Doux Garnier Miel/Amande Bio - 250ml","p":4.62,"u":"18,48 €/L","img":"https://fd8-photos.leclercdrive.fr/image.ashx?id=2457221&use=l&cat=p&typeid=i","cat":284594},{"id":112583,"n":"Biscuits Milka Chocolat au lait - 150g","p":2.39,"u":"15,93 €/KG","img":"https://fd8-photos.leclercdrive.fr/image.ashx?id=2347326&use=l&cat=p&typeid=i","cat":284488},{"id":112623,"n":"Riz au lait La Laitière Vanille - 8x115g","p":3.26,"u":"3,54 €/KG","img":"https://fd8-photos.leclercdrive.fr/image.ashx?id=2610783&use=l&cat=p&typeid=i","cat":284418},{"id":112624,"n":"Semoule au lait La Laitière Vanille - 4x115g","p":1.78,"u":"3,87 €/KG","img":"https://fd8-photos.leclercdrive.fr/image.ashx?id=2654578&use=l&cat=p&typeid=i","cat":284418},{"id":112698,"n":"yaourt bifidus activia muesli quinoa amande chia -170g","p":1.47,"u":"8,65 €/KG","img":"https://fd8-photos.leclercdrive.fr/image.ashx?id=2965885&use=l&cat=p&typeid=i","cat":315000},{"id":112728,"n":"Coffret Mini feuilletés Blini Sapin - x32","p":6.24,"u":"0,20 €/P","img":"https://fd8-photos.leclercdrive.fr/image.ashx?id=2023847&use=l&cat=p&typeid=i","cat":319774},{"id":112806,"n":"Soupe Liquide Liebig  10 Légumes & Crème fraiche - 1L","p":2.29,"u":"2,29 €/L","img":"https://fd8-photos.leclercdrive.fr/image.ashx?id=2941484&use=l&cat=p&typeid=i","cat":284462},{"id":112807,"n":"Soupe liquide Liebig  Légumes et vermicelles - 2x30cl","p":2.05,"u":"3,42 €/L","img":"https://fd8-photos.leclercdrive.fr/image.ashx?id=2164075&use=l&cat=p&typeid=i","cat":284462},{"id":112808,"n":"Soupe liquide Liebig légumes Et vermicelles - Brique 1L","p":2.06,"u":"2,06 €/L","img":"https://fd8-photos.leclercdrive.fr/image.ashx?id=2892142&use=l&cat=p&typeid=i","cat":284462},{"id":112811,"n":"Gel Lave-Vaisselle Sun Tout-en-1 Citron 52 Lavages","p":7.9,"u":"8,78 €/L","img":"https://fd8-photos.leclercdrive.fr/image.ashx?id=2356268&use=l&cat=p&typeid=i","cat":284656},{"id":112870,"n":"Mallette magie 300 tours Dès 7 ans - Made in France","p":18.5,"img":"https://fd8-photos.leclercdrive.fr/image.ashx?id=2603231&use=l&cat=p&typeid=i","cat":334378},{"id":112876,"n":"Chrono miraculous Dujardin - Dès 6 ans","p":29.99,"u":"Dont 0,07 € d'éco-part.","img":"https://fd8-photos.leclercdrive.fr/image.ashx?id=1867306&use=l&cat=p&typeid=i","cat":334378},{"id":112879,"n":"Picture show Dès 7 ans","p":25.71,"u":"Dont 0,07 € d'éco-part.","img":"https://fd8-photos.leclercdrive.fr/image.ashx?id=2022879&use=l&cat=p&typeid=i","cat":334378},{"id":112885,"n":"Jeu Ta mère en slip Dès 10 ans","p":22.99,"img":"https://fd8-photos.leclercdrive.fr/image.ashx?id=1975841&use=l&cat=p&typeid=i","cat":334378},{"id":112888,"n":"Ta mère en slip 2 Dès 10 ans","p":22.99,"img":"https://fd8-photos.leclercdrive.fr/image.ashx?id=1865010&use=l&cat=p&typeid=i","cat":334378},{"id":112898,"n":"Triominos junior Dès 5 ans","p":26.76,"img":"https://fd8-photos.leclercdrive.fr/image.ashx?id=2728855&use=l&cat=p&typeid=i","cat":334378},{"id":112899,"n":"Triominos deluxe Dès 6 ans","p":34.32,"img":"https://fd8-photos.leclercdrive.fr/image.ashx?id=2517124&use=l&cat=p&typeid=i","cat":334378},{"id":112933,"n":"Soupe liquide brique Liebig  Mouliné Légumes d'hiver 2x30cl","p":2.35,"u":"3,92 €/L","img":"https://fd8-photos.leclercdrive.fr/image.ashx?id=2369918&use=l&cat=p&typeid=i","cat":284462},{"id":112947,"n":"Tablette de Chocolat Côte d'Or Praliné lait cajou amande 200g","p":5.25,"u":"26,25 €/KG","img":"https://fd8-photos.leclercdrive.fr/image.ashx?id=2957773&use=l&cat=p&typeid=i","cat":284497},{"id":113052,"n":"Confiture Bonne Maman Cerise intense - 335g","p":1.91,"u":"5,70 €/KG","img":"https://fd8-photos.leclercdrive.fr/image.ashx?id=2341023&use=l&cat=p&typeid=i","cat":284480},{"id":113058,"n":"AOC Côtes du Rhône ss sulfites rouge Rives & Terrasses - 75cl","p":4.99,"u":"6,65 €/L","img":"https://fd8-photos.leclercdrive.fr/image.ashx?id=2846189&use=l&cat=p&typeid=i","cat":289556},{"id":113076,"n":"Papier cadeau Esquisse Bleu - Métallisé - 2m","p":0.79,"img":"https://fd8-photos.leclercdrive.fr/image.ashx?id=1274911&use=l&cat=p&typeid=i","cat":335914},{"id":113098,"n":"IGP Cidre Val de Rance Brut - Dégustation - 2x75cl","p":5.28,"u":"3,52 €/L","img":"https://fd8-photos.leclercdrive.fr/image.ashx?id=2224745&use=l&cat=p&typeid=i","cat":334880},{"id":113108,"n":"Tartine Grilletine de Pasquier Froment - x18 - 242g","p":1.75,"u":"7,23 €/KG","img":"https://fd8-photos.leclercdrive.fr/image.ashx?id=2333060&use=l&cat=p&typeid=i","cat":284479},{"id":113110,"n":"Tartine Grilletine de Pasquier Blé complet - x18 - 242g","p":1.75,"u":"7,23 €/KG","img":"https://fd8-photos.leclercdrive.fr/image.ashx?id=2333063&use=l&cat=p&typeid=i","cat":284479},{"id":113118,"n":"Dès de meule Les Croisés Fruitée - 150g","p":2.75,"u":"18,33 €/KG","img":"https://fd8-photos.leclercdrive.fr/image.ashx?id=1864494&use=l&cat=p&typeid=i","cat":314027},{"id":113127,"n":"Groseilles Panier du Primeur 125g","p":2.89,"u":"23,12 €/KG","img":"https://fd8-photos.leclercdrive.fr/image.ashx?id=2365487&use=l&cat=p&typeid=i","cat":284356},{"id":113163,"n":"Framboises Panier du Primeur 125g","p":2.59,"u":"20,72 €/KG","img":"https://fd8-photos.leclercdrive.fr/image.ashx?id=2843800&use=l&cat=p&typeid=i","cat":284356},{"id":113169,"n":"Haricot Coco  500g","p":1.95,"u":"3,90 €/KG","img":"https://fd8-photos.leclercdrive.fr/image.ashx?id=578701&use=l&cat=p&typeid=i","cat":284352},{"id":113217,"n":"Brioches La Fournée Dorée Parisiennes - x6 - 270g","p":3.15,"u":"11,67 €/KG","img":"https://fd8-photos.leclercdrive.fr/image.ashx?id=2099027&use=l&cat=p&typeid=i","cat":284478},{"id":113287,"n":"Bière Ambree Jenlain 6x25cl","p":4.9,"u":"3,27 €/L","img":"https://fd8-photos.leclercdrive.fr/image.ashx?id=2504677&use=l&cat=p&typeid=i","cat":334852},{"id":113292,"n":"Boisson énergisante Monster Energy Punch Pipeline - 50CL","p":1.69,"u":"3,38 €/L","img":"https://fd8-photos.leclercdrive.fr/image.ashx?id=2207436&use=l&cat=p&typeid=i","cat":284533},{"id":113332,"n":"Recharges galet perçé Foxter Pêche - x4 - 450g","p":13.99,"u":"31,09 €/KG","img":"https://fd8-photos.leclercdrive.fr/image.ashx?id=1735993&use=l&cat=p&typeid=i","cat":300576},{"id":113333,"n":"Recharge galet perçé Foxter Fruits des bois - x4 - 450g","p":13.99,"u":"31,09 €/KG","img":"https://fd8-photos.leclercdrive.fr/image.ashx?id=1735990&use=l&cat=p&typeid=i","cat":300576},{"id":113352,"n":"Serviettes Discreet Tena Lady Megapack - Normal - x30","p":6.94,"u":"0,23 €/P","img":"https://fd8-photos.leclercdrive.fr/image.ashx?id=2975440&use=l&cat=p&typeid=i","cat":284628},{"id":113358,"n":"Bière ambrée Leffe 6,6% - 12x25cl","p":11.29,"u":"3,76 €/L","img":"https://fd8-photos.leclercdrive.fr/image.ashx?id=2533985&use=l&cat=p&typeid=i","cat":334852},{"id":113558,"n":"Compotes Pom'Potes Gourdes  5 Fruits Exotiques - 4x90g","p":1.84,"u":"5,11 €/KG","img":"https://fd8-photos.leclercdrive.fr/image.ashx?id=2990424&use=l&cat=p&typeid=i","cat":284508},{"id":113654,"n":"Xtrem Box Sodebo Radiatori Bœuf Poivre - 400g","p":4.15,"u":"10,38 €/KG","img":"https://fd8-photos.leclercdrive.fr/image.ashx?id=2643998&use=l&cat=p&typeid=i","cat":334983},{"id":113680,"n":"Brioche tressée Nature Harrys Sucre perlé sans additif - 500g","p":2.89,"u":"5,78 €/KG","img":"https://fd8-photos.leclercdrive.fr/image.ashx?id=2503013&use=l&cat=p&typeid=i","cat":284478},{"id":113686,"n":"Tablette de chocolat noir Lindt Citron Gingembre - 100g","p":2.55,"u":"25,50 €/KG","img":"https://fd8-photos.leclercdrive.fr/image.ashx?id=2956996&use=l&cat=p&typeid=i","cat":284956},{"id":113703,"n":"Bûche de chèvre Président 380g","p":5.11,"u":"13,45 €/KG","img":"https://fd8-photos.leclercdrive.fr/image.ashx?id=2516167&use=l&cat=p&typeid=i","cat":314031},{"id":113709,"n":"Crème dessert La Laitière Pot de crème caramel - 4x100g","p":2.47,"u":"6,18 €/KG","img":"https://fd8-photos.leclercdrive.fr/image.ashx?id=2849683&use=l&cat=p&typeid=i","cat":285041},{"id":113711,"n":"Filets de cabillaud Findus MSC - 600g","p":16.15,"u":"26,92 €/KG","img":"https://fd8-photos.leclercdrive.fr/image.ashx?id=2735350&use=l&cat=p&typeid=i","cat":319786},{"id":113743,"n":"Tenders Maître Coq Filet de poulet crusty - 380g","p":5.8,"u":"15,26 €/KG","img":"https://fd8-photos.leclercdrive.fr/image.ashx?id=2773412&use=l&cat=p&typeid=i","cat":333684},{"id":113747,"n":"Fromage raclette Les Croisés Aux Herbes de provence - 250g","p":4.34,"u":"17,36 €/KG","img":"https://fd8-photos.leclercdrive.fr/image.ashx?id=2793296&use=l&cat=p&typeid=i","cat":314037},{"id":113754,"n":"Crème fraîche Yoplait Légère -12% matière grasse 450g","p":1.47,"u":"3,27 €/KG","img":"https://fd8-photos.leclercdrive.fr/image.ashx?id=2811032&use=l&cat=p&typeid=i","cat":284381},{"id":113756,"n":"Fromage blanc Calin Nature - 3,2%MG - 1kg","p":2.79,"u":"2,79 €/KG","img":"https://fd8-photos.leclercdrive.fr/image.ashx?id=2973727&use=l&cat=p&typeid=i","cat":284409},{"id":113773,"n":"Tagliatelle Gayelord Hauser Sans rinçage, Konjac - 160g","p":1.27,"u":"7,94 €/KG","img":"https://fd8-photos.leclercdrive.fr/image.ashx?id=2827086&use=l&cat=p&typeid=i","cat":318652},{"id":113779,"n":"Assiette bio Bio Village Haricot vert dinde 12 mois 230g","p":1.45,"u":"6,30 €/KG","img":"https://fd8-photos.leclercdrive.fr/image.ashx?id=2900217&use=l&cat=p&typeid=i","cat":312237},{"id":113787,"n":"Assiette pâtes bio Bio Village Légumes saumon 18 mois 260g","p":1.95,"u":"7,50 €/KG","img":"https://fd8-photos.leclercdrive.fr/image.ashx?id=2900232&use=l&cat=p&typeid=i","cat":312238},{"id":113792,"n":"Assiette bio 15mois Bio Village Legumes volaille basquaise 250g","p":1.79,"u":"7,16 €/KG","img":"https://fd8-photos.leclercdrive.fr/image.ashx?id=2900244&use=l&cat=p&typeid=i","cat":312238},{"id":113794,"n":"Assiette bio Bio Village Tomate aubergine 18 mois 260g","p":1.85,"u":"7,12 €/KG","img":"https://fd8-photos.leclercdrive.fr/image.ashx?id=2900247&use=l&cat=p&typeid=i","cat":312238},{"id":113806,"n":"Omelette norvégienne L'Angelys Vanille - 360g","p":11.99,"u":"33,31 €/KG","img":"https://fd8-photos.leclercdrive.fr/image.ashx?id=2921987&use=l&cat=p&typeid=i","cat":284266},{"id":113808,"n":"Crème dessert La Laitière Pot de crème vanille - 4x100g","p":2.35,"u":"5,88 €/KG","img":"https://fd8-photos.leclercdrive.fr/image.ashx?id=2875969&use=l&cat=p&typeid=i","cat":285041},{"id":113811,"n":"Crème dessert La Laitière Pot de crème chocolat - 4x100g","p":2.35,"u":"5,88 €/KG","img":"https://fd8-photos.leclercdrive.fr/image.ashx?id=2875966&use=l&cat=p&typeid=i","cat":285041},{"id":113842,"n":"Allumettes cuisine Silex 3x240","p":1.2,"img":"https://fd8-photos.leclercdrive.fr/image.ashx?id=1733406&use=l&cat=p&typeid=i","cat":300578},{"id":113851,"n":"100% pur Jus bio Bio Village Petit-déjeuner  - 1L","p":2.87,"u":"2,87 €/L","img":"https://fd8-photos.leclercdrive.fr/image.ashx?id=2901566&use=l&cat=p&typeid=i","cat":284521},{"id":113855,"n":"Boisson thé Fresh Tea Pêche abricot - 1.5L","p":1.82,"u":"1,21 €/L","img":"https://fd8-photos.leclercdrive.fr/image.ashx?id=2622281&use=l&cat=p&typeid=i","cat":295019},{"id":113858,"n":"Yaourt à la grecque YAOS Nature - 8x125g","p":3.49,"u":"3,49 €/KG","img":"https://fd8-photos.leclercdrive.fr/image.ashx?id=2418462&use=l&cat=p&typeid=i","cat":314999},{"id":113973,"n":"Biscuits Baiocchi Mulino Bianco Chocolat noisette - 260g","p":2.99,"u":"11,50 €/KG","img":"https://fd8-photos.leclercdrive.fr/image.ashx?id=2787968&use=l&cat=p&typeid=i","cat":284488},{"id":113980,"n":"Café dosettes Tassimo Grand-mère - Expresso x16","p":4.35,"u":"41,83 €/KG","img":"https://fd8-photos.leclercdrive.fr/image.ashx?id=1749617&use=l&cat=p&typeid=i","cat":293240},{"id":113998,"n":"Girasoli Lustucru Selection  Ricotta Epinard - 250g","p":2.99,"u":"11,96 €/KG","img":"https://fd8-photos.leclercdrive.fr/image.ashx?id=2974351&use=l&cat=p&typeid=i","cat":333682},{"id":114017,"n":"Bière blonde Heineken 5%vol - 12x33cl","p":9.89,"u":"2,50 €/L","img":"https://fd8-photos.leclercdrive.fr/image.ashx?id=3008125&use=l&cat=p&typeid=i","cat":334853},{"id":114018,"n":"Bière blonde Heineken 5%vol - Boite 4x50cl","p":4.76,"u":"2,38 €/L","img":"https://fd8-photos.leclercdrive.fr/image.ashx?id=3008122&use=l&cat=p&typeid=i","cat":334853},{"id":114020,"n":"Bière aromatisée  Desperados 5.9%vol - Boite 50cl","p":1.79,"u":"3,58 €/L","img":"https://fd8-photos.leclercdrive.fr/image.ashx?id=2977303&use=l&cat=p&typeid=i","cat":334853},{"id":114022,"n":"Bière blonde 1664 6x33cl","p":6.25,"u":"3,16 €/L","img":"https://fd8-photos.leclercdrive.fr/image.ashx?id=2246614&use=l&cat=p&typeid=i","cat":334873},{"id":114023,"n":"Thon au naturel Petit Navire Démarche Responsable - 280g","p":4.75,"u":"16,96 €/KG","img":"https://fd8-photos.leclercdrive.fr/image.ashx?id=2909974&use=l&cat=p&typeid=i","cat":303867},{"id":114047,"n":"Plat bébé soir Blédichef 12mois Macaroni courgette - 2x230g","p":3.25,"u":"7,07 €/KG","img":"https://fd8-photos.leclercdrive.fr/image.ashx?id=2560690&use=l&cat=p&typeid=i","cat":312239},{"id":114092,"n":"Brosse à dents bambou Dentamyl Médium - 1 pièce","p":1.95,"img":"https://fd8-photos.leclercdrive.fr/image.ashx?id=2783495&use=l&cat=p&typeid=i","cat":284614},{"id":114095,"n":"Mouchoirs blancs 3 plis Caresse Boîte - x150","p":1.65,"u":"0,01 €/P","img":"https://fd8-photos.leclercdrive.fr/image.ashx?id=2779298&use=l&cat=p&typeid=i","cat":284638},{"id":114101,"n":"Culottes Mots d'enfants T4 : 8/15kg - x42","p":9.75,"u":"0,23 €/P","img":"https://fd8-photos.leclercdrive.fr/image.ashx?id=2907234&use=l&cat=p&typeid=i","cat":290633},{"id":114102,"n":"Change culottes Mots d'enfants T5 : 12/18kg - x40","p":9.75,"u":"0,24 €/P","img":"https://fd8-photos.leclercdrive.fr/image.ashx?id=2907237&use=l&cat=p&typeid=i","cat":290633},{"id":114103,"n":"Change culottes Mots d'enfants T6 : +16kg - x36","p":9.75,"u":"0,27 €/P","img":"https://fd8-photos.leclercdrive.fr/image.ashx?id=2907240&use=l&cat=p&typeid=i","cat":290633},{"id":114112,"n":"Soin de jour Nivea visage Q10 Peau sèche - 50ml","p":13.41,"u":"268,20 €/L","img":"https://fd8-photos.leclercdrive.fr/image.ashx?id=2289129&use=l&cat=p&typeid=i","cat":325345},{"id":114238,"n":"Yaourt gourde Délisse Vanille/framboise - 6x90g","p":2.97,"u":"33,00 €/KG","img":"https://fd8-photos.leclercdrive.fr/image.ashx?id=2705089&use=l&cat=p&typeid=i","cat":284415},{"id":114239,"n":"Chiffonnade de Jambon Cru Presto - 80g","p":4.69,"u":"58,63 €/KG","img":"https://fd8-photos.leclercdrive.fr/image.ashx?id=2918919&use=l&cat=p&typeid=i","cat":316007},{"id":114242,"n":"Taboulé Oriental Pierre Martinet - 510g","p":2.69,"u":"5,27 €/KG","img":"https://fd8-photos.leclercdrive.fr/image.ashx?id=2684491&use=l&cat=p&typeid=i","cat":333657},{"id":114245,"n":"Fromage Beaufort NRT AOP  200g","p":4.99,"u":"24,95 €/KG","img":"https://fd8-photos.leclercdrive.fr/image.ashx?id=2271969&use=l&cat=p&typeid=i","cat":329184},{"id":114375,"n":"AOP Clairette de Die Jaillance Brut - Esprit de Terroir - 75cl","p":5.95,"u":"7,93 €/L","img":"https://fd8-photos.leclercdrive.fr/image.ashx?id=2656781&use=l&cat=p&typeid=i","cat":284544},{"id":114400,"n":"Thon entier MSC Pêche Océan A l'huile - 104g","p":1.73,"u":"16,63 €/KG","img":"https://fd8-photos.leclercdrive.fr/image.ashx?id=2942208&use=l&cat=p&typeid=i","cat":303867},{"id":114406,"n":"Taboulé Pierre Martinet Oriental à l'huile d'olive 310g","p":1.65,"u":"5,32 €/KG","img":"https://fd8-photos.leclercdrive.fr/image.ashx?id=2432241&use=l&cat=p&typeid=i","cat":333657},{"id":114410,"n":"Galette Coté Table Lardons champignons - 195g","p":1.75,"u":"8,97 €/KG","img":"https://fd8-photos.leclercdrive.fr/image.ashx?id=2638536&use=l&cat=p&typeid=i","cat":333672},{"id":114411,"n":"Dès de cheddar  Les Croisés 150g","p":2.19,"u":"14,60 €/KG","img":"https://fd8-photos.leclercdrive.fr/image.ashx?id=2422553&use=l&cat=p&typeid=i","cat":314027},{"id":114486,"n":"Boisson énergisante Crazy Tiger 1.5L","p":3.09,"u":"2,06 €/L","img":"https://fd8-photos.leclercdrive.fr/image.ashx?id=2735968&use=l&cat=p&typeid=i","cat":284533},{"id":114522,"n":"Bière blonde Leffe Triple 8,5% - 12x25cl","p":11.15,"u":"3,72 €/L","img":"https://fd8-photos.leclercdrive.fr/image.ashx?id=2548294&use=l&cat=p&typeid=i","cat":334852},{"id":114591,"n":"Uno cartes Dès 7 ans","p":10.99,"pp":7.25,"img":"https://fd8-photos.leclercdrive.fr/image.ashx?id=2767045&use=l&cat=p&typeid=i","cat":334378},{"id":114654,"n":"Allumettes Silex 10cm - x70","p":1.26,"u":"0,02 €/P","img":"https://fd8-photos.leclercdrive.fr/image.ashx?id=2595942&use=l&cat=p&typeid=i","cat":300578},{"id":114807,"n":"Dessert Fruitier Andros Poire Williams morceaux 4x100g","p":2.99,"u":"7,48 €/KG","img":"https://fd8-photos.leclercdrive.fr/image.ashx?id=2908198&use=l&cat=p&typeid=i","cat":284416},{"id":114825,"n":"Mini Fondentenero Novi 160g","p":4.51,"u":"28,19 €/KG","img":"https://fd8-photos.leclercdrive.fr/image.ashx?id=2615149&use=l&cat=p&typeid=i","cat":327595},{"id":114901,"n":"Plat bébé Blédina 12 mois  Artichaut dinde - 2x200g","p":2.59,"u":"6,48 €/KG","img":"https://fd8-photos.leclercdrive.fr/image.ashx?id=2975089&use=l&cat=p&typeid=i","cat":312237},{"id":114956,"n":"Skyr Myrtille Délisse 450g","p":2.78,"u":"6,18 €/KG","img":"https://fd8-photos.leclercdrive.fr/image.ashx?id=2992552&use=l&cat=p&typeid=i","cat":315000},{"id":114960,"n":"Wrap Le Chicken Daunat Poulet - 190g","p":3.55,"u":"18,68 €/KG","img":"https://fd8-photos.leclercdrive.fr/image.ashx?id=2243416&use=l&cat=p&typeid=i","cat":333658},{"id":114970,"n":"Beurrier tendre Président Doux - 82% MG - 125g","p":2.15,"u":"17,20 €/KG","img":"https://fd8-photos.leclercdrive.fr/image.ashx?id=2917435&use=l&cat=p&typeid=i","cat":284379},{"id":115011,"n":"Lingettes bébé Mots d'enfants à l'eau - x60","p":1.66,"u":"0,03 €/P","img":"https://fd8-photos.leclercdrive.fr/image.ashx?id=3014293&use=l&cat=p&typeid=i","cat":284738},{"id":115013,"n":"Liquide vaisselle Uni Vert Ecologique citron - 750ml","p":1.59,"u":"2,12 €/L","img":"https://fd8-photos.leclercdrive.fr/image.ashx?id=2999517&use=l&cat=p&typeid=i","cat":284655},{"id":115046,"n":"Brioche tressée tranchée Harrys Nature sans additif - 450g","p":2.99,"u":"6,64 €/KG","img":"https://fd8-photos.leclercdrive.fr/image.ashx?id=2503010&use=l&cat=p&typeid=i","cat":284478},{"id":115072,"n":"Girasoli Lustucru Selection  Cèpes Ricotta - 250g","p":2.99,"u":"11,96 €/KG","img":"https://fd8-photos.leclercdrive.fr/image.ashx?id=2974599&use=l&cat=p&typeid=i","cat":333682},{"id":115080,"n":"Nuggets de Poulet Père Dodu  Sans antibio x10 - 200g","p":3.25,"u":"16,25 €/KG","img":"https://fd8-photos.leclercdrive.fr/image.ashx?id=2957212&use=l&cat=p&typeid=i","cat":333684},{"id":115113,"n":"Tirlibibi Haribo Boîte bonbons - 750g","p":4.94,"u":"6,59 €/KG","img":"https://fd8-photos.leclercdrive.fr/image.ashx?id=2806922&use=l&cat=p&typeid=i","cat":304250},{"id":115114,"n":"Polka Haribo Sachet bonbons - 300g","p":1.55,"u":"5,17 €/KG","img":"https://fd8-photos.leclercdrive.fr/image.ashx?id=2982414&use=l&cat=p&typeid=i","cat":304250},{"id":115115,"n":"Les Schtroumpfs Haribo Sachet bonbons - 300g","p":1.59,"u":"5,30 €/KG","img":"https://fd8-photos.leclercdrive.fr/image.ashx?id=2788475&use=l&cat=p&typeid=i","cat":304250},{"id":115116,"n":"Chamallows Haribo Guimauves   - 300g","p":1.79,"u":"5,97 €/KG","img":"https://fd8-photos.leclercdrive.fr/image.ashx?id=2984937&use=l&cat=p&typeid=i","cat":304250},{"id":115123,"n":"Terrine chien Bio Boeuf - 300g","p":1.69,"u":"5,63 €/KG","img":"https://fd8-photos.leclercdrive.fr/image.ashx?id=2333805&use=l&cat=p&typeid=i","cat":284673},{"id":115124,"n":"Terrine chien Bio Poulet légume - 300g","p":1.62,"u":"5,40 €/KG","img":"https://fd8-photos.leclercdrive.fr/image.ashx?id=2333808&use=l&cat=p&typeid=i","cat":284673},{"id":115127,"n":"Pain burger Epi d'Or Brioché x4 - 300g","p":1.38,"u":"4,60 €/KG","img":"https://fd8-photos.leclercdrive.fr/image.ashx?id=1958880&use=l&cat=p&typeid=i","cat":325067},{"id":115129,"n":"Pain de mie Epi d'Or Grandes tranches complet 550g","p":1.36,"u":"2,47 €/KG","img":"https://fd8-photos.leclercdrive.fr/image.ashx?id=2860778&use=l&cat=p&typeid=i","cat":284477},{"id":115130,"n":"Pain de mie Epi d'Or Sans croute - 500g","p":1.56,"u":"3,12 €/KG","img":"https://fd8-photos.leclercdrive.fr/image.ashx?id=3012872&use=l&cat=p&typeid=i","cat":284477},{"id":115155,"n":"Gommage visage Bio Naïa Bio - 75ml","p":2.49,"u":"33,20 €/L","img":"https://fd8-photos.leclercdrive.fr/image.ashx?id=2436690&use=l&cat=p&typeid=i","cat":325346},{"id":115156,"n":"Stick lèvres Bio Naïa Bio - 1 pièce","p":1.85,"img":"https://fd8-photos.leclercdrive.fr/image.ashx?id=2518837&use=l&cat=p&typeid=i","cat":285485},{"id":115158,"n":"Gelée bio Bio Naïa A l'aloe vera bio - 200ml","p":3.99,"u":"19,95 €/L","img":"https://fd8-photos.leclercdrive.fr/image.ashx?id=2436699&use=l&cat=p&typeid=i","cat":325350},{"id":115161,"n":"Infusion Bio La Tisanière Nuit Oranger - x20 Sachets","p":2.81,"u":"93,67 €/KG","img":"https://fd8-photos.leclercdrive.fr/image.ashx?id=2477061&use=l&cat=p&typeid=i","cat":293234},{"id":115163,"n":"Infusion Twinings Ayurveda gingembre miel et citron x20","p":3.08,"u":"96,25 €/KG","img":"https://fd8-photos.leclercdrive.fr/image.ashx?id=2893036&use=l&cat=p&typeid=i","cat":293234},{"id":115214,"n":"Whisky Aberfeldy 12 ans 40%vol - 70cl + coffret","p":45.08,"u":"64,40 €/L","img":"https://fd8-photos.leclercdrive.fr/image.ashx?id=2145382&use=l&cat=p&typeid=i","cat":284547},{"id":115226,"n":"Gin 41.4%vol Hendrick's Curler de concombre - 70cl","p":30.81,"u":"44,01 €/L","img":"https://fd8-photos.leclercdrive.fr/image.ashx?id=1992744&use=l&cat=p&typeid=i","cat":284550},{"id":115251,"n":"Déodorant compressé Ushuaïa Vanille - 100ml","p":3.06,"u":"30,60 €/L","img":"https://fd8-photos.leclercdrive.fr/image.ashx?id=2555715&use=l&cat=p&typeid=i","cat":284595},{"id":115252,"n":"Soin yeux La Provençale Bio  Anti-Âge Hydratant - 15ml","p":7.56,"u":"504,00 €/L","img":"https://fd8-photos.leclercdrive.fr/image.ashx?id=3014560&use=l&cat=p&typeid=i","cat":325345},{"id":115274,"n":"Masque tissu Inell Coup d'éclat - 1 pièce","p":1.82,"img":"https://fd8-photos.leclercdrive.fr/image.ashx?id=2691691&use=l&cat=p&typeid=i","cat":325346},{"id":115276,"n":"Crèmes main Inell Anti-taches - 75ml","p":2.99,"u":"39,87 €/L","img":"https://fd8-photos.leclercdrive.fr/image.ashx?id=2498949&use=l&cat=p&typeid=i","cat":325354},{"id":115278,"n":"Gressins traditionnels Artesani 300g","p":1.47,"u":"4,90 €/KG","img":"https://fd8-photos.leclercdrive.fr/image.ashx?id=2475852&use=l&cat=p&typeid=i","cat":289010},{"id":115280,"n":"Gressins Florelli Au Sésame Artesani - 300g","p":1.47,"u":"4,90 €/KG","img":"https://fd8-photos.leclercdrive.fr/image.ashx?id=2475858&use=l&cat=p&typeid=i","cat":289010},{"id":115312,"n":"Chicorée soluble Leroux  Nature bio - 100g","p":3.29,"u":"32,90 €/KG","img":"https://fd8-photos.leclercdrive.fr/image.ashx?id=2861479&use=l&cat=p&typeid=i","cat":284843},{"id":115320,"n":"Capsules café Plantation Equilibré n°6 - x10 - 52g","p":2.19,"u":"42,12 €/KG","img":"https://fd8-photos.leclercdrive.fr/image.ashx?id=2891785&use=l&cat=p&typeid=i","cat":284749},{"id":115321,"n":"Capsules café Plantation Intense n°10 - x10 - 52g","p":2.19,"u":"42,12 €/KG","img":"https://fd8-photos.leclercdrive.fr/image.ashx?id=2908855&use=l&cat=p&typeid=i","cat":284749},{"id":115323,"n":"Capsules café Plantation Subtil n°5 - x10 - 52g","p":2.25,"u":"43,27 €/KG","img":"https://fd8-photos.leclercdrive.fr/image.ashx?id=2943106&use=l&cat=p&typeid=i","cat":284749},{"id":115324,"n":"Capsules café Plantation Décaféiné n°5 -  x10 - 52g","p":2.39,"u":"45,96 €/KG","img":"https://fd8-photos.leclercdrive.fr/image.ashx?id=2918472&use=l&cat=p&typeid=i","cat":284749},{"id":115326,"n":"Capsules café Plantation Lungo Délicat n°4 - x10 - 52g","p":2.35,"u":"45,19 €/KG","img":"https://fd8-photos.leclercdrive.fr/image.ashx?id=2418113&use=l&cat=p&typeid=i","cat":284749},{"id":115328,"n":"Capsules café Plantation  Ristretto n°12 - x10 - 52g","p":2.24,"u":"43,08 €/KG","img":"https://fd8-photos.leclercdrive.fr/image.ashx?id=2418116&use=l&cat=p&typeid=i","cat":284749},{"id":115332,"n":"Capsules café Plantation Brésil n°7 - x10 - 52g","p":2.39,"u":"45,96 €/KG","img":"https://fd8-photos.leclercdrive.fr/image.ashx?id=2929879&use=l&cat=p&typeid=i","cat":284749},{"id":115342,"n":"Champagne Canard Duchêne Brut - Sleeve - 75cl","p":27.0,"u":"36,00 €/L","img":"https://fd8-photos.leclercdrive.fr/image.ashx?id=2585459&use=l&cat=p&typeid=i","cat":284542},{"id":115345,"n":"Capsules café Plantation Café vanille n°6 - x10 - 52g","p":2.39,"u":"45,96 €/KG","img":"https://fd8-photos.leclercdrive.fr/image.ashx?id=2918475&use=l&cat=p&typeid=i","cat":284749},{"id":115348,"n":"Capsules café Plantation Noisette n°7 - x10 - 52g","p":2.39,"u":"45,96 €/KG","img":"https://fd8-photos.leclercdrive.fr/image.ashx?id=2908858&use=l&cat=p&typeid=i","cat":284749},{"id":115349,"n":"Capsules café Plantation Intense n°10 - x30 - 156g","p":5.19,"u":"33,27 €/KG","img":"https://fd8-photos.leclercdrive.fr/image.ashx?id=2865095&use=l&cat=p&typeid=i","cat":284749},{"id":115350,"n":"Capsules café Plantation Equilibré N°6 - x30 - 156g","p":5.19,"u":"33,27 €/KG","img":"https://fd8-photos.leclercdrive.fr/image.ashx?id=2852249&use=l&cat=p&typeid=i","cat":284749},{"id":115351,"n":"Capsules café Plantation Espresso Forte n°8 - x10 - 52g","p":2.35,"u":"45,19 €/KG","img":"https://fd8-photos.leclercdrive.fr/image.ashx?id=2918478&use=l&cat=p&typeid=i","cat":284749},{"id":115357,"n":"Tablette De Chocolat A Patisser Pralinoise Praline - 180g","p":3.08,"u":"17,11 €/KG","img":"https://fd8-photos.leclercdrive.fr/image.ashx?id=2890265&use=l&cat=p&typeid=i","cat":285562},{"id":115363,"n":"Lait bébé en poudre Blédilait 1er âge 0-6 mois 900g","p":14.75,"u":"16,39 €/KG","img":"https://fd8-photos.leclercdrive.fr/image.ashx?id=2855052&use=l&cat=p&typeid=i","cat":284726},{"id":115364,"n":"Lait bébé en poudre Blédilait 2e âge 6-12 mois 900g","p":13.55,"u":"15,06 €/KG","img":"https://fd8-photos.leclercdrive.fr/image.ashx?id=2616853&use=l&cat=p&typeid=i","cat":284727},{"id":115367,"n":"Biscuits roses de Reims NRT 200g","p":3.69,"u":"18,45 €/KG","img":"https://fd8-photos.leclercdrive.fr/image.ashx?id=2704912&use=l&cat=p&typeid=i","cat":284487},{"id":115463,"n":"Litière chats Tranquille Carbonite - 7.1kg","p":6.3,"u":"0,89 €/KG","img":"https://fd8-photos.leclercdrive.fr/image.ashx?id=2421871&use=l&cat=p&typeid=i","cat":284683},{"id":115488,"n":"Bière blonde 1664 5,5° - 12x25cl","p":8.14,"u":"2,71 €/L","img":"https://fd8-photos.leclercdrive.fr/image.ashx?id=2215566&use=l&cat=p&typeid=i","cat":334873},{"id":115492,"n":"Bière blonde 1664 5,5° - 6x25cl","p":4.49,"u":"2,99 €/L","img":"https://fd8-photos.leclercdrive.fr/image.ashx?id=2215572&use=l&cat=p&typeid=i","cat":334873},{"id":115502,"n":"Persil et Ail Rustica 75g","p":1.99,"u":"26,53 €/KG","img":"https://fd8-photos.leclercdrive.fr/image.ashx?id=2365493&use=l&cat=p&typeid=i","cat":319804},{"id":115505,"n":"Fromage Fourme d'Ambert NRT  AOP - 250g","p":3.23,"u":"12,92 €/KG","img":"https://fd8-photos.leclercdrive.fr/image.ashx?id=2459397&use=l&cat=p&typeid=i","cat":314032},{"id":115507,"n":"Mini Samoussas Table du Monde Boeuf poulet - 220g","p":3.31,"u":"15,05 €/KG","img":"https://fd8-photos.leclercdrive.fr/image.ashx?id=2947350&use=l&cat=p&typeid=i","cat":333673},{"id":115526,"n":"Serviette incontinence Chorys Maxi nuit - x12","p":3.99,"u":"0,33 €/P","img":"https://fd8-photos.leclercdrive.fr/image.ashx?id=2586028&use=l&cat=p&typeid=i","cat":284628},{"id":115527,"n":"Gel de toilette intime Bionaïa Bio - 200ml","p":2.02,"u":"10,10 €/L","img":"https://fd8-photos.leclercdrive.fr/image.ashx?id=2442130&use=l&cat=p&typeid=i","cat":284627},{"id":115528,"n":"Alcool 90° Primoplast 100ml","p":2.19,"u":"21,90 €/L","img":"https://fd8-photos.leclercdrive.fr/image.ashx?id=1761546&use=l&cat=p&typeid=i","cat":284630},{"id":115529,"n":"Bloc WC Uni Vert Ball - 55g","p":1.99,"u":"36,18 €/KG","img":"https://fd8-photos.leclercdrive.fr/image.ashx?id=2568801&use=l&cat=p&typeid=i","cat":284662},{"id":115689,"n":"La Grillée Garden Gourmet Soja et Blé 150g","p":3.5,"u":"23,33 €/KG","img":"https://fd8-photos.leclercdrive.fr/image.ashx?id=2988689&use=l&cat=p&typeid=i","cat":316036},{"id":115771,"n":"Lait bébé en poudre Gallia Calisma 2e âge 6-12mois 2x600g","p":20.25,"u":"16,88 €/KG","img":"https://fd8-photos.leclercdrive.fr/image.ashx?id=2935750&use=l&cat=p&typeid=i","cat":284727},{"id":115772,"n":"Pâte à tartiner Bio Village Aux noisette bio - 600g","p":4.16,"u":"6,93 €/KG","img":"https://fd8-photos.leclercdrive.fr/image.ashx?id=2977201&use=l&cat=p&typeid=i","cat":284481},{"id":115773,"n":"Lait bébé en poudre Gallia Calisma 1er âge 0-6 mois 2x600g","p":23.42,"u":"19,52 €/KG","img":"https://fd8-photos.leclercdrive.fr/image.ashx?id=2953755&use=l&cat=p&typeid=i","cat":284726},{"id":115775,"n":"AOC Côtes du Rousillon vin rosé Bernard Cordelier - 75 cl","p":2.49,"u":"3,32 €/L","img":"https://fd8-photos.leclercdrive.fr/image.ashx?id=2236275&use=l&cat=p&typeid=i","cat":289558},{"id":115781,"n":"AOC Gigondas vin rouge Rives & Terrasses - 75cl","p":12.49,"u":"16,65 €/L","img":"https://fd8-photos.leclercdrive.fr/image.ashx?id=2750168&use=l&cat=p&typeid=i","cat":289556},{"id":115787,"n":"AOC Coteaux d'Aix-en-Provence vin rosé Terres Ocrées - 75cl","p":4.49,"u":"5,99 €/L","img":"https://fd8-photos.leclercdrive.fr/image.ashx?id=2900172&use=l&cat=p&typeid=i","cat":289558},{"id":115821,"n":"Confiture mirabelle Bonne Maman Intense - 335g","p":2.39,"u":"7,13 €/KG","img":"https://fd8-photos.leclercdrive.fr/image.ashx?id=2341026&use=l&cat=p&typeid=i","cat":284480},{"id":115850,"n":"Compote Charles & Alice Pommes Passion - 4x97g","p":1.89,"u":"4,87 €/KG","img":"https://fd8-photos.leclercdrive.fr/image.ashx?id=2757692&use=l&cat=p&typeid=i","cat":284416},{"id":115868,"n":"Confiture rhubarbe Bonne Maman Allégée - 335g","p":2.11,"u":"6,30 €/KG","img":"https://fd8-photos.leclercdrive.fr/image.ashx?id=2341029&use=l&cat=p&typeid=i","cat":284480},{"id":115905,"n":"Yaourt brassé Perle de Lait Coco - 8x125g","p":3.75,"u":"3,75 €/KG","img":"https://fd8-photos.leclercdrive.fr/image.ashx?id=2989204&use=l&cat=p&typeid=i","cat":314999},{"id":115910,"n":"Yaourt brassé Perle de Lait Vanille - 8x125g","p":3.68,"u":"3,68 €/KG","img":"https://fd8-photos.leclercdrive.fr/image.ashx?id=2990568&use=l&cat=p&typeid=i","cat":314999},{"id":115958,"n":"Poelée de cèpes Magda Au beurre persillé - 300g","p":3.98,"pp":2.63,"u":"8,77 €/KG","img":"https://fd8-photos.leclercdrive.fr/image.ashx?id=2790015&use=l&cat=p&typeid=i","cat":319823},{"id":115963,"n":"Foie gras Delpeyrat Canard entier Sud ouest - 270g","p":30.99,"u":"114,78 €/KG","img":"https://fd8-photos.leclercdrive.fr/image.ashx?id=2906088&use=l&cat=p&typeid=i","cat":316008},{"id":115970,"n":"Girolles à la crème Magda 300g","p":3.98,"pp":2.63,"u":"8,77 €/KG","img":"https://fd8-photos.leclercdrive.fr/image.ashx?id=2411117&use=l&cat=p&typeid=i","cat":319805},{"id":115986,"n":"Pain surprise de campagne Côté Table x32 - 460g","p":8.5,"u":"18,48 €/KG","img":"https://fd8-photos.leclercdrive.fr/image.ashx?id=2776466&use=l&cat=p&typeid=i","cat":319774},{"id":115991,"n":"Squidgies Haribo Sachet bonbons - 200g","p":1.99,"u":"9,95 €/KG","img":"https://fd8-photos.leclercdrive.fr/image.ashx?id=2984934&use=l&cat=p&typeid=i","cat":304250},{"id":116002,"n":"Porto Cruz Blanc - 18%vol - 75cl","p":8.35,"u":"11,13 €/L","img":"https://fd8-photos.leclercdrive.fr/image.ashx?id=2535822&use=l&cat=p&typeid=i","cat":284913},{"id":116010,"n":"Biscotte Pasquier Blé sans sucre ajoutés - 300g","p":1.99,"u":"6,63 €/KG","img":"https://fd8-photos.leclercdrive.fr/image.ashx?id=2507952&use=l&cat=p&typeid=i","cat":284479},{"id":116096,"n":"Shampooing douche Petit Manava Fraise cerise - 250ml","p":1.35,"u":"5,40 €/L","img":"https://fd8-photos.leclercdrive.fr/image.ashx?id=1763207&use=l&cat=p&typeid=i","cat":284606},{"id":116114,"n":"Shampooing douche Petit Manava Pêche banane - 250ml","p":1.35,"u":"5,40 €/L","img":"https://fd8-photos.leclercdrive.fr/image.ashx?id=2440458&use=l&cat=p&typeid=i","cat":284606},{"id":116166,"n":"Adoucissant concentré Hyperdou Rosée du matin x60 - 1.5L","p":3.95,"u":"2,63 €/L","img":"https://fd8-photos.leclercdrive.fr/image.ashx?id=2602916&use=l&cat=p&typeid=i","cat":284650},{"id":116167,"n":"Adoucissant concentré Hyperdou Rêve merveille x60 - 1.5L","p":3.95,"u":"2,63 €/L","img":"https://fd8-photos.leclercdrive.fr/image.ashx?id=2602925&use=l&cat=p&typeid=i","cat":284650},{"id":116168,"n":"Adoucissant concentré Hyperdou Fraîcheur fleurie x60 - 1.5L","p":3.95,"u":"2,63 €/L","img":"https://fd8-photos.leclercdrive.fr/image.ashx?id=2602931&use=l&cat=p&typeid=i","cat":284650},{"id":116169,"n":"Adoucissant concentré Hyperdou Coucher soleil x60 - 1.5L","p":3.95,"u":"2,63 €/L","img":"https://fd8-photos.leclercdrive.fr/image.ashx?id=2602937&use=l&cat=p&typeid=i","cat":284650},{"id":116172,"n":"Lingettes bio Bionaïa Démaquillantes - x25","p":1.04,"u":"0,04 €/P","img":"https://fd8-photos.leclercdrive.fr/image.ashx?id=2515500&use=l&cat=p&typeid=i","cat":284603},{"id":116215,"n":"Porto Cruz Rosé - 18%vol - 75cl","p":7.39,"u":"9,85 €/L","img":"https://fd8-photos.leclercdrive.fr/image.ashx?id=3003167&use=l&cat=p&typeid=i","cat":284913},{"id":116221,"n":"Crème de jour L'Oréal Paris  Revitalift Anti-âge - 50ml","p":15.25,"u":"305,00 €/L","img":"https://fd8-photos.leclercdrive.fr/image.ashx?id=2926581&use=l&cat=p&typeid=i","cat":325345},{"id":116222,"n":"IGP Pays d'Oc rosé Roche Mazet Syrah - 75cl","p":4.5,"u":"6,00 €/L","img":"https://fd8-photos.leclercdrive.fr/image.ashx?id=2475612&use=l&cat=p&typeid=i","cat":289558},{"id":116224,"n":"Porto Tawny Cruz 18%vol - 75cl","p":7.45,"u":"9,93 €/L","img":"https://fd8-photos.leclercdrive.fr/image.ashx?id=2536373&use=l&cat=p&typeid=i","cat":284913},{"id":116225,"n":"Soin jour Nivea visage Naturally good - 50ml","p":6.56,"u":"131,20 €/L","img":"https://fd8-photos.leclercdrive.fr/image.ashx?id=2944909&use=l&cat=p&typeid=i","cat":325345},{"id":116227,"n":"Pétillant Muscat Roche Mazet Demi-sec blanc - 75cl","p":4.5,"u":"6,00 €/L","img":"https://fd8-photos.leclercdrive.fr/image.ashx?id=2475618&use=l&cat=p&typeid=i","cat":284544},{"id":116228,"n":"Crème Visage Jour Nivea Hydratante  - 50ml","p":6.03,"u":"120,60 €/L","img":"https://fd8-photos.leclercdrive.fr/image.ashx?id=2945736&use=l&cat=p&typeid=i","cat":325345},{"id":116240,"n":"Lait bébé liquide Blédilait croissance 1-3 ans 6x1L","p":12.47,"u":"2,08 €/L","img":"https://fd8-photos.leclercdrive.fr/image.ashx?id=2685799&use=l&cat=p&typeid=i","cat":284728},{"id":116254,"n":"Lait bébé en poudre Calisma Bio Gallia croissance 10 mois 800g","p":17.29,"u":"21,61 €/KG","img":"https://fd8-photos.leclercdrive.fr/image.ashx?id=2760325&use=l&cat=p&typeid=i","cat":290219},{"id":116321,"n":"Soupe liquide Liebig tomates  Et vermicelles - Brique 1L","p":2.06,"u":"2,06 €/L","img":"https://fd8-photos.leclercdrive.fr/image.ashx?id=2941481&use=l&cat=p&typeid=i","cat":284462},{"id":116338,"n":"Pansements Mercurochrome Effet tatoo - x12","p":2.06,"u":"108,42 €/KG","img":"https://fd8-photos.leclercdrive.fr/image.ashx?id=2276408&use=l&cat=p&typeid=i","cat":284630},{"id":116340,"n":"Cruesli Quaker Miel et noix - 450g","p":3.85,"u":"8,56 €/KG","img":"https://fd8-photos.leclercdrive.fr/image.ashx?id=2212159&use=l&cat=p&typeid=i","cat":309512},{"id":116387,"n":"Pâte à tartiner Poulain  Cacao noisette - 400g","p":3.49,"u":"8,73 €/KG","img":"https://fd8-photos.leclercdrive.fr/image.ashx?id=2806354&use=l&cat=p&typeid=i","cat":284481},{"id":116431,"n":"Parmentier de boeuf Charolais Fleury Michon - 300g","p":3.61,"u":"12,03 €/KG","img":"https://fd8-photos.leclercdrive.fr/image.ashx?id=2662346&use=l&cat=p&typeid=i","cat":333665},{"id":116432,"n":"Parmentier de saumon Fleury Michon - 300g","p":3.89,"u":"12,97 €/KG","img":"https://fd8-photos.leclercdrive.fr/image.ashx?id=2662349&use=l&cat=p&typeid=i","cat":333665},{"id":116436,"n":"Rougail saucisses Fleury Michon riz créole - 300g","p":3.65,"u":"12,17 €/KG","img":"https://fd8-photos.leclercdrive.fr/image.ashx?id=2680152&use=l&cat=p&typeid=i","cat":333665},{"id":116471,"n":"Coloration 5.3 Olia Chatain clair doré - x2","p":16.57,"u":"8,29 €/P","img":"https://fd8-photos.leclercdrive.fr/image.ashx?id=2397872&use=l&cat=p&typeid=i","cat":288899},{"id":116579,"n":"Pommes de terres grenailles Bio Bio Village - 450g","p":3.06,"u":"6,80 €/KG","img":"https://fd8-photos.leclercdrive.fr/image.ashx?id=2923341&use=l&cat=p&typeid=i","cat":319792},{"id":116581,"n":"Frites au four Bio Bio Village - 600g","p":1.99,"u":"3,32 €/KG","img":"https://fd8-photos.leclercdrive.fr/image.ashx?id=2436329&use=l&cat=p&typeid=i","cat":319791},{"id":116583,"n":"Pâte a tartiner Bio Village Aux noisettes bio - 350g","p":2.45,"u":"7,00 €/KG","img":"https://fd8-photos.leclercdrive.fr/image.ashx?id=2977198&use=l&cat=p&typeid=i","cat":284481},{"id":116584,"n":"Confiture extra bio Bio Village Framboises - 370g","p":2.79,"u":"7,54 €/KG","img":"https://fd8-photos.leclercdrive.fr/image.ashx?id=2965635&use=l&cat=p&typeid=i","cat":284480},{"id":116610,"n":"Pains au lait bio Pasquier x8 - 280g","p":1.65,"u":"5,89 €/KG","img":"https://fd8-photos.leclercdrive.fr/image.ashx?id=2858210&use=l&cat=p&typeid=i","cat":293505},{"id":116706,"n":"Yaourt à la grecque YAOS Nature lit de marrons 4x125g","p":2.38,"u":"4,76 €/KG","img":"https://fd8-photos.leclercdrive.fr/image.ashx?id=3007939&use=l&cat=p&typeid=i","cat":314999},{"id":116751,"n":"Sojasun mandarine citron vert 4x100g","p":1.75,"u":"4,38 €/KG","img":"https://fd8-photos.leclercdrive.fr/image.ashx?id=2355683&use=l&cat=p&typeid=i","cat":316071},{"id":116838,"n":"Monopoly Gamer Mario Kart Dès 8 ans","p":26.65,"img":"https://fd8-photos.leclercdrive.fr/image.ashx?id=2293123&use=l&cat=p&typeid=i","cat":334378},{"id":116851,"n":"Fort Boyard Dès 8 ans","p":25.73,"img":"https://fd8-photos.leclercdrive.fr/image.ashx?id=2513472&use=l&cat=p&typeid=i","cat":334378},{"id":116875,"n":"Salade & Cie Sodebo Palerme Jambon Speck Chèvre Pâtes 320g","p":5.38,"u":"16,81 €/KG","img":"https://fd8-photos.leclercdrive.fr/image.ashx?id=2771933&use=l&cat=p&typeid=i","cat":333657},{"id":116953,"n":"Rosette de Lyon 9 tranches - 80g","p":1.29,"u":"16,13 €/KG","img":"https://fd8-photos.leclercdrive.fr/image.ashx?id=2913244&use=l&cat=p&typeid=i","cat":316007},{"id":116957,"n":"Bacon CharcuFine du Forez 80g","p":1.29,"u":"16,13 €/KG","img":"https://fd8-photos.leclercdrive.fr/image.ashx?id=2913925&use=l&cat=p&typeid=i","cat":316007},{"id":116958,"n":"Chorizo Espagnol Merle 16 tranches - 80g","p":1.29,"u":"16,13 €/KG","img":"https://fd8-photos.leclercdrive.fr/image.ashx?id=2913259&use=l&cat=p&typeid=i","cat":316007},{"id":116967,"n":"Carottes filière  Panier du Primeur - 1kg","p":1.49,"u":"1,49 €/KG","img":"https://fd8-photos.leclercdrive.fr/image.ashx?id=2920229&use=l&cat=p&typeid=i","cat":284352},{"id":116985,"n":"Parmesan Râpé Giovanni Ferrari  22 mois AOP - 60g","p":2.08,"u":"34,67 €/KG","img":"https://fd8-photos.leclercdrive.fr/image.ashx?id=3002297&use=l&cat=p&typeid=i","cat":314035},{"id":117063,"n":"Mastermind Dès 8 ans","p":39.87,"img":"https://fd8-photos.leclercdrive.fr/image.ashx?id=1846247&use=l&cat=p&typeid=i","cat":334378},{"id":117132,"n":"Bouillon kub légumes Maggi -25% sel - 120g","p":1.86,"u":"15,50 €/KG","img":"https://fd8-photos.leclercdrive.fr/image.ashx?id=2758443&use=l&cat=p&typeid=i","cat":288379},{"id":117225,"n":"Sirop Moulin de Valdonne Grenadine - 70cl","p":3.3,"u":"4,71 €/L","img":"https://fd8-photos.leclercdrive.fr/image.ashx?id=2170610&use=l&cat=p&typeid=i","cat":295020},{"id":117235,"n":"Sirop Moulin de Valdonne Pêche abricot - 70cl","p":3.49,"u":"4,99 €/L","img":"https://fd8-photos.leclercdrive.fr/image.ashx?id=2170613&use=l&cat=p&typeid=i","cat":295020},{"id":117238,"n":"Shampooing bio Bio naïa Cheveux secs abimés - 250ml","p":1.8,"u":"7,20 €/L","img":"https://fd8-photos.leclercdrive.fr/image.ashx?id=2512481&use=l&cat=p&typeid=i","cat":284606},{"id":117242,"n":"Biscuit coco pavot GERBLE BIO  Bio - 4x3, 132g","p":1.75,"u":"13,26 €/KG","img":"https://fd8-photos.leclercdrive.fr/image.ashx?id=2664052&use=l&cat=p&typeid=i","cat":284487},{"id":117244,"n":"Biscuit 3 graines Gerblé Bio  - 132g","p":1.75,"u":"13,26 €/KG","img":"https://fd8-photos.leclercdrive.fr/image.ashx?id=2664055&use=l&cat=p&typeid=i","cat":318651},{"id":117245,"n":"Sacs de congélation zip Alfapac Renforcé - x30","p":2.86,"img":"https://fd8-photos.leclercdrive.fr/image.ashx?id=2986338&use=l&cat=p&typeid=i","cat":334134},{"id":117246,"n":"Biscuits Gerblé Bio Citron gingembre - 132g","p":1.75,"u":"13,26 €/KG","img":"https://fd8-photos.leclercdrive.fr/image.ashx?id=2662871&use=l&cat=p&typeid=i","cat":318651},{"id":117248,"n":"Biscuits Gerblé Bio Amande cranberry - 132g","p":1.75,"u":"13,26 €/KG","img":"https://fd8-photos.leclercdrive.fr/image.ashx?id=2662868&use=l&cat=p&typeid=i","cat":318651},{"id":117252,"n":"Mouliné Régal Soupe Légumes d'autrefois - 1L","p":1.65,"u":"1,65 €/L","img":"https://fd8-photos.leclercdrive.fr/image.ashx?id=2607590&use=l&cat=p&typeid=i","cat":284462},{"id":117283,"n":"Petits pois Notre Jardin Sans sel ajouté - 280g","p":0.9,"u":"3,21 €/KG","img":"https://fd8-photos.leclercdrive.fr/image.ashx?id=3002638&use=l&cat=p&typeid=i","cat":312607},{"id":117330,"n":"Champignon Notre Jardin Emincé Sans sel ajouté - 230g","p":1.18,"u":"5,13 €/KG","img":"https://fd8-photos.leclercdrive.fr/image.ashx?id=1792507&use=l&cat=p&typeid=i","cat":312610},{"id":117378,"n":"Petits pois d'aucy  Bio - 58cl","p":2.13,"u":"6,26 €/KG","img":"https://fd8-photos.leclercdrive.fr/image.ashx?id=2431545&use=l&cat=p&typeid=i","cat":312607},{"id":117379,"n":"Pois chiches Bio D'Aucy 340g","p":1.94,"u":"5,71 €/KG","img":"https://fd8-photos.leclercdrive.fr/image.ashx?id=2562193&use=l&cat=p&typeid=i","cat":312609},{"id":117394,"n":"Confit d'oignons Larnaudie 150g","p":2.2,"u":"14,67 €/KG","img":"https://fd8-photos.leclercdrive.fr/image.ashx?id=1861358&use=l&cat=p&typeid=i","cat":284458},{"id":117403,"n":"Poêlée de légumes Bonduelle La Parisienne - 750g","p":3.49,"u":"4,65 €/KG","img":"https://fd8-photos.leclercdrive.fr/image.ashx?id=2907908&use=l&cat=p&typeid=i","cat":319823},{"id":117404,"n":"La Poêlée Rustique Bonduelle 750g","p":3.49,"u":"4,65 €/KG","img":"https://fd8-photos.leclercdrive.fr/image.ashx?id=2910055&use=l&cat=p&typeid=i","cat":319823},{"id":117405,"n":"Poêlée méditerranéenne  Bonduelle - 750g","p":3.5,"u":"4,67 €/KG","img":"https://fd8-photos.leclercdrive.fr/image.ashx?id=2962113&use=l&cat=p&typeid=i","cat":319823},{"id":117407,"n":"Poêlée à la paysanne Bonduelle 750g","p":3.5,"u":"4,67 €/KG","img":"https://fd8-photos.leclercdrive.fr/image.ashx?id=2907911&use=l&cat=p&typeid=i","cat":319823},{"id":117570,"n":"Galettes de riz Tables du monde Sachet - 100g","p":2.25,"u":"22,50 €/KG","img":"https://fd8-photos.leclercdrive.fr/image.ashx?id=2920223&use=l&cat=p&typeid=i","cat":288992},{"id":117668,"n":"Pizza Dolce Sodebo Margherita Tomate Marinées 400g","p":5.21,"u":"13,03 €/KG","img":"https://fd8-photos.leclercdrive.fr/image.ashx?id=2921642&use=l&cat=p&typeid=i","cat":333679},{"id":117705,"n":"Ras El Hanout Ducros Epices couscous - 38g","p":1.08,"u":"28,42 €/KG","img":"https://fd8-photos.leclercdrive.fr/image.ashx?id=2559490&use=l&cat=p&typeid=i","cat":298297},{"id":117721,"n":"Truite Fumée  Ronde des Mers  4 tranches - 120g","p":4.3,"u":"35,83 €/KG","img":"https://fd8-photos.leclercdrive.fr/image.ashx?id=2084096&use=l&cat=p&typeid=i","cat":285188},{"id":117724,"n":"Plateau 4 fromages Nos Régions ont du talent 775g","p":11.95,"u":"15,42 €/KG","img":"https://fd8-photos.leclercdrive.fr/image.ashx?id=1860952&use=l&cat=p&typeid=i","cat":314036},{"id":117828,"n":"Lardons fumés au bois CharcuFine du Forez - 140g","p":1.29,"u":"9,21 €/KG","img":"https://fd8-photos.leclercdrive.fr/image.ashx?id=2913268&use=l&cat=p&typeid=i","cat":316011},{"id":117829,"n":"Lardons natures  Charcufine du Forez - 140g","p":1.29,"u":"9,21 €/KG","img":"https://fd8-photos.leclercdrive.fr/image.ashx?id=2913271&use=l&cat=p&typeid=i","cat":316011},{"id":117880,"n":"Teinture textile Ideal Tout en un Noir - 230g","p":1.75,"u":"7,61 €/KG","img":"https://fd8-photos.leclercdrive.fr/image.ashx?id=2669046&use=l&cat=p&typeid=i","cat":284651},{"id":118024,"n":"Champagne Piper Heidsieck Rosé sauvage 12% Vol - 75 cl","p":36.5,"u":"48,67 €/L","img":"https://fd8-photos.leclercdrive.fr/image.ashx?id=2103247&use=l&cat=p&typeid=i","cat":284542},{"id":118113,"n":"Sauce soja Bio Village Bio - 150ml","p":1.99,"u":"13,27 €/L","img":"https://fd8-photos.leclercdrive.fr/image.ashx?id=2913772&use=l&cat=p&typeid=i","cat":288992},{"id":118116,"n":"Sauce soja sucrée Bio Village Bio - 150ml","p":1.99,"u":"13,27 €/L","img":"https://fd8-photos.leclercdrive.fr/image.ashx?id=2913775&use=l&cat=p&typeid=i","cat":288992},{"id":118117,"n":"Riz cuisiné Teppanyaki Poulet et légumes - 300g","p":4.36,"u":"14,53 €/KG","img":"https://fd8-photos.leclercdrive.fr/image.ashx?id=2533901&use=l&cat=p&typeid=i","cat":284254},{"id":118177,"n":"Nettoyant visage solide N.A.E. Bio - 78g","p":4.74,"u":"60,77 €/KG","img":"https://fd8-photos.leclercdrive.fr/image.ashx?id=2546428&use=l&cat=p&typeid=i","cat":284603},{"id":118196,"n":"Mini éclair patissier Tipiak x20 - 140g","p":7.14,"u":"51,00 €/KG","img":"https://fd8-photos.leclercdrive.fr/image.ashx?id=2751681&use=l&cat=p&typeid=i","cat":284267},{"id":118217,"n":"Mini coquilles Saint-Jacques  Tipiak x8 - 100g","p":3.75,"u":"37,50 €/KG","img":"https://fd8-photos.leclercdrive.fr/image.ashx?id=2484212&use=l&cat=p&typeid=i","cat":319775},{"id":118220,"n":"Mini croustillants Tipiak Saint Jacques - x10 - 120g","p":3.75,"u":"31,25 €/KG","img":"https://fd8-photos.leclercdrive.fr/image.ashx?id=2484209&use=l&cat=p&typeid=i","cat":319774},{"id":118272,"n":"Suprêmes soufflés Saint-Jean Cèpes girolles x4 - 480g","p":4.25,"u":"8,85 €/KG","img":"https://fd8-photos.leclercdrive.fr/image.ashx?id=2357335&use=l&cat=p&typeid=i","cat":333682},{"id":118289,"n":"Canard confit Marie Ecrasé de pomme de terre 300g","p":4.55,"u":"15,17 €/KG","img":"https://fd8-photos.leclercdrive.fr/image.ashx?id=2799886&use=l&cat=p&typeid=i","cat":333665},{"id":118351,"n":"Gel crème Taft pure Style Syoss Tenue légère - 2x150ml","p":8.28,"u":"27,60 €/L","img":"https://fd8-photos.leclercdrive.fr/image.ashx?id=2153516&use=l&cat=p&typeid=i","cat":284609},{"id":118408,"n":"Lait bébé en poudre Galliagest 1er âge 0-6 mois 820g","p":19.55,"u":"23,84 €/KG","img":"https://fd8-photos.leclercdrive.fr/image.ashx?id=2983054&use=l&cat=p&typeid=i","cat":284726},{"id":118412,"n":"Lait bébé en poudre Galliagest 2 âge 6-12 mois 820g","p":18.39,"u":"22,43 €/KG","img":"https://fd8-photos.leclercdrive.fr/image.ashx?id=2771666&use=l&cat=p&typeid=i","cat":284727},{"id":118414,"n":"Lait bébé en poudre Blédilait 1er âge 0-6 mois 820g","p":15.29,"u":"18,65 €/KG","img":"https://fd8-photos.leclercdrive.fr/image.ashx?id=2500051&use=l&cat=p&typeid=i","cat":284726},{"id":118426,"n":"Lait bébé en poudre Blédilait 2e âge 6-12 mois 820g","p":14.75,"u":"17,99 €/KG","img":"https://fd8-photos.leclercdrive.fr/image.ashx?id=2500054&use=l&cat=p&typeid=i","cat":284727},{"id":118447,"n":"Soupe deshydratée Knorr Tomate mozzarella - 75cl","p":1.19,"u":"1,59 €/L","img":"https://fd8-photos.leclercdrive.fr/image.ashx?id=2788919&use=l&cat=p&typeid=i","cat":284463},{"id":118513,"n":"Désinfectant Sanytol Pistolet 4 actions - 500ml","p":2.33,"u":"4,66 €/L","img":"https://fd8-photos.leclercdrive.fr/image.ashx?id=2590749&use=l&cat=p&typeid=i","cat":325357},{"id":118516,"n":"Mini quenelle nature 300g","p":4.6,"u":"15,33 €/KG","img":"https://fd8-photos.leclercdrive.fr/image.ashx?id=2104291&use=l&cat=p&typeid=i","cat":333682},{"id":118575,"n":"Dettol Kit Distributeur Savon  Mains liquide Aloe Vera 250ml","p":9.43,"u":"Dont 0,10 € d'éco-part.","img":"https://fd8-photos.leclercdrive.fr/image.ashx?id=2543013&use=l&cat=p&typeid=i","cat":284597},{"id":118583,"n":"Tampons Uni Vert Normal digital - x16","p":1.63,"u":"0,10 €/P","img":"https://fd8-photos.leclercdrive.fr/image.ashx?id=2896901&use=l&cat=p&typeid=i","cat":284626},{"id":118595,"n":"Serviettes Love & Green Incontinence maxi nuit - x12","p":9.02,"u":"0,75 €/P","img":"https://fd8-photos.leclercdrive.fr/image.ashx?id=2407691&use=l&cat=p&typeid=i","cat":284628},{"id":118612,"n":"Crêpes fourrées  Whaou Chocolat au lait  - x8 - 256g","p":1.95,"u":"7,62 €/KG","img":"https://fd8-photos.leclercdrive.fr/image.ashx?id=2960171&use=l&cat=p&typeid=i","cat":284494},{"id":118667,"n":"Sucre en poudre Canderel 250g","p":4.87,"u":"19,48 €/KG","img":"https://fd8-photos.leclercdrive.fr/image.ashx?id=2461466&use=l&cat=p&typeid=i","cat":324846},{"id":118960,"n":"Brookie Pocket, pépites choco 184g","p":3.12,"u":"16,96 €/KG","img":"https://fd8-photos.leclercdrive.fr/image.ashx?id=2964718&use=l&cat=p&typeid=i","cat":284495},{"id":119075,"n":"Edulcorant Ginko Mini sweets x400 - 4.8g","p":2.11,"u":"422,00 €/KG","img":"https://fd8-photos.leclercdrive.fr/image.ashx?id=1860603&use=l&cat=p&typeid=i","cat":324846},{"id":119262,"n":"Sauce bolognaise Panzani 100% Pur Bœuf - 400G","p":2.7,"u":"6,75 €/KG","img":"https://fd8-photos.leclercdrive.fr/image.ashx?id=2984754&use=l&cat=p&typeid=i","cat":287599},{"id":119264,"n":"Sauce Bolognaise Panzani 100% Pur Bœuf - 650G","p":4.09,"u":"6,29 €/KG","img":"https://fd8-photos.leclercdrive.fr/image.ashx?id=2977933&use=l&cat=p&typeid=i","cat":287599},{"id":119271,"n":"Haricots rouge Notre Jardin 3x125g","p":1.91,"u":"5,09 €/KG","img":"https://fd8-photos.leclercdrive.fr/image.ashx?id=2988111&use=l&cat=p&typeid=i","cat":312606},{"id":119273,"n":"Carottes Notre Jardin 3x130g","p":2.25,"u":"5,77 €/KG","img":"https://fd8-photos.leclercdrive.fr/image.ashx?id=2537364&use=l&cat=p&typeid=i","cat":312607},{"id":119275,"n":"Haricots blancs Notre Jardin 3x125g","p":1.99,"u":"5,31 €/KG","img":"https://fd8-photos.leclercdrive.fr/image.ashx?id=3002632&use=l&cat=p&typeid=i","cat":312606},{"id":119287,"n":"Protège lingerie bio Tadam Dermo-sensitif normal - x24","p":1.84,"img":"https://fd8-photos.leclercdrive.fr/image.ashx?id=2754764&use=l&cat=p&typeid=i","cat":284625},{"id":119332,"n":"Tampon digital Uni Vert Ecolo super - x16","p":1.9,"u":"0,12 €/P","img":"https://fd8-photos.leclercdrive.fr/image.ashx?id=2939085&use=l&cat=p&typeid=i","cat":284626},{"id":119429,"n":"Capsules Café Royal  Espresso Forte - x36 - 190g","p":9.65,"u":"50,79 €/KG","img":"https://fd8-photos.leclercdrive.fr/image.ashx?id=2787818&use=l&cat=p&typeid=i","cat":284749},{"id":119556,"n":"Compotes Materne Coupelles  Pomme Châtaigne - 4x100g","p":1.99,"u":"4,98 €/KG","img":"https://fd8-photos.leclercdrive.fr/image.ashx?id=3007915&use=l&cat=p&typeid=i","cat":284508},{"id":119558,"n":"Compotes Materne Coupelles Pomme Nature - 16x100g","p":3.84,"u":"2,40 €/KG","img":"https://fd8-photos.leclercdrive.fr/image.ashx?id=3010840&use=l&cat=p&typeid=i","cat":284508},{"id":119560,"n":"Compotes Materne Coupelles  Multivariétés Jaunes - 16x100g","p":4.22,"u":"2,64 €/KG","img":"https://fd8-photos.leclercdrive.fr/image.ashx?id=3010846&use=l&cat=p&typeid=i","cat":284508},{"id":119571,"n":"Douceur de Brebis vanille 4x100g - Le Petit Basque","p":3.02,"u":"7,55 €/KG","img":"https://fd8-photos.leclercdrive.fr/image.ashx?id=2248093&use=l&cat=p&typeid=i","cat":314998},{"id":119634,"n":"Gourmet Gold Régal de sauce  x12 - 85g","p":7.35,"u":"7,21 €/KG","img":"https://fd8-photos.leclercdrive.fr/image.ashx?id=2902364&use=l&cat=p&typeid=i","cat":285286},{"id":119673,"n":"Serviettes Always Maxi profresh - x12","p":1.96,"u":"0,16 €/P","img":"https://fd8-photos.leclercdrive.fr/image.ashx?id=3009185&use=l&cat=p&typeid=i","cat":284624},{"id":119709,"n":"Fromage Persillée Saint Agur  125g","p":2.4,"u":"19,20 €/KG","img":"https://fd8-photos.leclercdrive.fr/image.ashx?id=2981515&use=l&cat=p&typeid=i","cat":314032},{"id":119797,"n":"Comté fromage bloc Les Croisés 200g","p":2.85,"u":"14,25 €/KG","img":"https://fd8-photos.leclercdrive.fr/image.ashx?id=2856585&use=l&cat=p&typeid=i","cat":314034},{"id":119800,"n":"Yaourt Enfant Petits Filous Aromatisé à la Vanille - 6x100g","p":2.99,"u":"4,98 €/KG","img":"https://fd8-photos.leclercdrive.fr/image.ashx?id=2748431&use=l&cat=p&typeid=i","cat":284415},{"id":119893,"n":"Skyr Nature Délisse 450g","p":1.89,"u":"4,20 €/KG","img":"https://fd8-photos.leclercdrive.fr/image.ashx?id=2992549&use=l&cat=p&typeid=i","cat":315000},{"id":119913,"n":"Yaourt à boire Yop Yoplait Chocolat - 850g","p":1.74,"u":"2,05 €/KG","img":"https://fd8-photos.leclercdrive.fr/image.ashx?id=2855534&use=l&cat=p&typeid=i","cat":295246},{"id":119940,"n":"Mini candy play Copains Copines 180g","p":1.49,"u":"8,28 €/KG","img":"https://fd8-photos.leclercdrive.fr/image.ashx?id=2589861&use=l&cat=p&typeid=i","cat":304250},{"id":119941,"n":"Fromage à Tartiner Tartare Ail et Fines Herbes 10P - 160g","p":2.27,"u":"14,19 €/KG","img":"https://fd8-photos.leclercdrive.fr/image.ashx?id=2867410&use=l&cat=p&typeid=i","cat":314029},{"id":119956,"n":"Filets de limande du Nord MSC L'Atelier Poissonnerie x2 200g","p":3.39,"u":"16,95 €/KG","img":"https://fd8-photos.leclercdrive.fr/image.ashx?id=2652101&use=l&cat=p&typeid=i","cat":284344},{"id":119957,"n":"Acras de morue Maison Briau A la créole ciboule piment 200g","p":3.25,"u":"16,25 €/KG","img":"https://fd8-photos.leclercdrive.fr/image.ashx?id=2959469&use=l&cat=p&typeid=i","cat":333673},{"id":119958,"n":"Filets de colin d'Alaska Meunière MSC x2 - 200g","p":2.49,"u":"12,45 €/KG","img":"https://fd8-photos.leclercdrive.fr/image.ashx?id=2652107&use=l&cat=p&typeid=i","cat":284344},{"id":119959,"n":"Filets de limande du Nord MSC L'Atelier Poissonnerie x4 400g","p":6.49,"u":"16,23 €/KG","img":"https://fd8-photos.leclercdrive.fr/image.ashx?id=2855292&use=l&cat=p&typeid=i","cat":284344},{"id":119960,"n":"Filets de colin pané d'Alaska MSC sans arrêtes x2 - 220g","p":2.99,"u":"13,59 €/KG","img":"https://fd8-photos.leclercdrive.fr/image.ashx?id=2652110&use=l&cat=p&typeid=i","cat":284344},{"id":119962,"n":"Tielles gourmandes de Sète Pêcheries Sétoises x2 - 150g","p":4.45,"u":"29,67 €/KG","img":"https://fd8-photos.leclercdrive.fr/image.ashx?id=2944813&use=l&cat=p&typeid=i","cat":285094},{"id":119963,"n":"Pavés de saumon de Norvège ASC L'Atelier Poissonnerie x2 250g","p":5.99,"u":"23,96 €/KG","img":"https://fd8-photos.leclercdrive.fr/image.ashx?id=2340590&use=l&cat=p&typeid=i","cat":284342},{"id":119964,"n":"Pavé de saumon ASC L'Atelier Poissonnerie x6 -750g","p":16.4,"u":"21,87 €/KG","img":"https://fd8-photos.leclercdrive.fr/image.ashx?id=2349929&use=l&cat=p&typeid=i","cat":284342},{"id":119965,"n":"Pavés de saumon ASC Norvège L'Atelier Poissonnerie x4 -500g","p":11.49,"u":"22,98 €/KG","img":"https://fd8-photos.leclercdrive.fr/image.ashx?id=2349926&use=l&cat=p&typeid=i","cat":284342},{"id":120210,"n":"Nouilles soba Cup Nissin Sukiyaki Boeuf - 89g","p":2.71,"u":"30,45 €/KG","img":"https://fd8-photos.leclercdrive.fr/image.ashx?id=2647624&use=l&cat=p&typeid=i","cat":288992},{"id":120212,"n":"Nouilles soba Cup Nissin Classique - 90g","p":2.03,"u":"22,56 €/KG","img":"https://fd8-photos.leclercdrive.fr/image.ashx?id=2433512&use=l&cat=p&typeid=i","cat":288992},{"id":120214,"n":"Nissin Soba Cup Teriyaki  90g","p":2.03,"u":"22,56 €/KG","img":"https://fd8-photos.leclercdrive.fr/image.ashx?id=2160111&use=l&cat=p&typeid=i","cat":288992},{"id":120233,"n":"Céréales cruesli Quaker Mélange de noix - 450g","p":3.19,"u":"7,09 €/KG","img":"https://fd8-photos.leclercdrive.fr/image.ashx?id=2212147&use=l&cat=p&typeid=i","cat":309512},{"id":120261,"n":"Lessive liquide Epsil Anti-transfert - 40 lavages 2L","p":5.99,"u":"3,00 €/L","img":"https://fd8-photos.leclercdrive.fr/image.ashx?id=2838936&use=l&cat=p&typeid=i","cat":284640},{"id":120266,"n":"Galettes de riz Tanoshi Vietnam x10 - 100g","p":1.81,"u":"1,81 €/KG","img":"https://fd8-photos.leclercdrive.fr/image.ashx?id=2999982&use=l&cat=p&typeid=i","cat":288992},{"id":120331,"n":"Eau gazeuse minérale Salvetat Pauvre en sodium - 6x1,15L","p":3.18,"u":"0,46 €/L","img":"https://fd8-photos.leclercdrive.fr/image.ashx?id=2578693&use=l&cat=p&typeid=i","cat":284536},{"id":120335,"n":"Eau gazeuse aromatisée Salvetat citron - 1,15L","p":0.75,"u":"0,65 €/L","img":"https://fd8-photos.leclercdrive.fr/image.ashx?id=2279753&use=l&cat=p&typeid=i","cat":284536},{"id":120346,"n":"Mini gratins chorizo Côté Table 400g","p":3.79,"u":"9,48 €/KG","img":"https://fd8-photos.leclercdrive.fr/image.ashx?id=2641292&use=l&cat=p&typeid=i","cat":319802},{"id":120348,"n":"Purée 4 mois Bio Village Pomme pruneaux bio - 4x100g","p":1.69,"u":"4,23 €/KG","img":"https://fd8-photos.leclercdrive.fr/image.ashx?id=2704837&use=l&cat=p&typeid=i","cat":312387},{"id":120349,"n":"Purée 4 mois Bio Village Pomme Abricot bio - 4x100g","p":1.89,"u":"4,73 €/KG","img":"https://fd8-photos.leclercdrive.fr/image.ashx?id=2704690&use=l&cat=p&typeid=i","cat":312387},{"id":120350,"n":"Purée 4 mois Bio Village Pomme coing bio - 4x100g","p":1.79,"u":"4,48 €/KG","img":"https://fd8-photos.leclercdrive.fr/image.ashx?id=2704840&use=l&cat=p&typeid=i","cat":312387},{"id":120351,"n":"Purée 4 mois Bio Village Pomme myrtilles bio - 4x100g","p":1.99,"u":"4,98 €/KG","img":"https://fd8-photos.leclercdrive.fr/image.ashx?id=2704843&use=l&cat=p&typeid=i","cat":312387},{"id":120389,"n":"Sablé  La mère poulard Pur beurre - 3x125g","p":5.06,"u":"13,49 €/KG","img":"https://fd8-photos.leclercdrive.fr/image.ashx?id=2990682&use=l&cat=p&typeid=i","cat":284487},{"id":120403,"n":"Adoucissant L'Arbre Vert Souffle de pureté x53 - 800ml","p":3.29,"u":"4,11 €/L","img":"https://fd8-photos.leclercdrive.fr/image.ashx?id=3001386&use=l&cat=p&typeid=i","cat":284650},{"id":120429,"n":"Serviette écolo Uni vert Super+ - x12","p":1.55,"u":"0,13 €/P","img":"https://fd8-photos.leclercdrive.fr/image.ashx?id=2820445&use=l&cat=p&typeid=i","cat":284624},{"id":120430,"n":"Serviette écolo Uni Vert Nuit + - x10","p":1.79,"u":"0,18 €/P","img":"https://fd8-photos.leclercdrive.fr/image.ashx?id=2806780&use=l&cat=p&typeid=i","cat":284624},{"id":120482,"n":"Planta fin cuisine facile 750ml - Format familial","p":3.77,"u":"5,03 €/L","img":"https://fd8-photos.leclercdrive.fr/image.ashx?id=2440091&use=l&cat=p&typeid=i","cat":284453},{"id":120485,"n":"Mascara Volume L'Oréal Paris Millions de Cils Extra Black","p":10.79,"pp":7.12,"img":"https://fd8-photos.leclercdrive.fr/image.ashx?id=2419170&use=l&cat=p&typeid=i","cat":287029},{"id":120488,"n":"Riz parfumé Comptoir du Grain Basmati -1kg","p":2.48,"u":"2,48 €/KG","img":"https://fd8-photos.leclercdrive.fr/image.ashx?id=2923399&use=l&cat=p&typeid=i","cat":284428},{"id":120489,"n":"Pain de mie extra-moelleux Epi d'or - 500g","p":1.49,"u":"2,98 €/KG","img":"https://fd8-photos.leclercdrive.fr/image.ashx?id=2301238&use=l&cat=p&typeid=i","cat":284477},{"id":120492,"n":"Céréales fourrées P'tit Déli Chocolat noisette - 450g","p":2.19,"u":"4,87 €/KG","img":"https://fd8-photos.leclercdrive.fr/image.ashx?id=2819636&use=l&cat=p&typeid=i","cat":309513},{"id":120505,"n":"Mascara Waterproof L'OréalParis Millions de Cils Noir","p":17.75,"u":"657,41 €/KG","img":"https://fd8-photos.leclercdrive.fr/image.ashx?id=2278076&use=l&cat=p&typeid=i","cat":287029},{"id":120512,"n":"Fond de Teint L'Oréal Paris Accord Parfait 4.N Beige","p":15.73,"img":"https://fd8-photos.leclercdrive.fr/image.ashx?id=2937352&use=l&cat=p&typeid=i","cat":287029},{"id":120519,"n":"Correcteur anticerne Maybelline Instant Anti-Age 02 Beige Nu","p":11.55,"img":"https://fd8-photos.leclercdrive.fr/image.ashx?id=2423172&use=l&cat=p&typeid=i","cat":287029},{"id":120520,"n":"Mascara Maybelline  Cils Sensational Extra-noir","p":10.71,"img":"https://fd8-photos.leclercdrive.fr/image.ashx?id=2377784&use=l&cat=p&typeid=i","cat":287029},{"id":120587,"n":"Friandise pour chat Dentalife Saumon - 40g","p":1.04,"u":"26,00 €/KG","img":"https://fd8-photos.leclercdrive.fr/image.ashx?id=2468638&use=l&cat=p&typeid=i","cat":285285},{"id":120660,"n":"Purée 4 mois Bio Village Fruits verger bio - 4x100g","p":1.89,"u":"4,73 €/KG","img":"https://fd8-photos.leclercdrive.fr/image.ashx?id=2704846&use=l&cat=p&typeid=i","cat":312387},{"id":120661,"n":"Purée 4 mois Bio Village Pomme Fraise Banane bio -4x100g","p":1.69,"u":"4,23 €/KG","img":"https://fd8-photos.leclercdrive.fr/image.ashx?id=2704849&use=l&cat=p&typeid=i","cat":312387},{"id":120663,"n":"Purée 6 mois Bio Village Pomme carotte mangue bio-4x100g","p":1.79,"u":"4,48 €/KG","img":"https://fd8-photos.leclercdrive.fr/image.ashx?id=2704852&use=l&cat=p&typeid=i","cat":312388},{"id":120665,"n":"Purée 6 mois Bio Village Pomme Biscuit bio - 4x100g","p":1.79,"u":"4,48 €/KG","img":"https://fd8-photos.leclercdrive.fr/image.ashx?id=2704855&use=l&cat=p&typeid=i","cat":312388},{"id":120679,"n":"Petits pots bébé P'TIT SOUPER Petits pois pâtes 12M+ - 2x200g","p":1.69,"u":"4,23 €/KG","img":"https://fd8-photos.leclercdrive.fr/image.ashx?id=2526517&use=l&cat=p&typeid=i","cat":312239},{"id":120681,"n":"Petits pots bébé P'TIT SOUPER Légumes Pâtes 8M+ - 2x200g","p":1.76,"u":"4,40 €/KG","img":"https://fd8-photos.leclercdrive.fr/image.ashx?id=2526520&use=l&cat=p&typeid=i","cat":312239},{"id":120683,"n":"Petits pots bébé P'TITE RECETTE Bœuf bourguignon 12M+ - 2x200g","p":1.88,"u":"4,70 €/KG","img":"https://fd8-photos.leclercdrive.fr/image.ashx?id=2525714&use=l&cat=p&typeid=i","cat":312237},{"id":120686,"n":"Biphase micellaire So Bio Etic Bamboo bio - 500ml","p":6.15,"u":"12,30 €/L","img":"https://fd8-photos.leclercdrive.fr/image.ashx?id=2680221&use=l&cat=p&typeid=i","cat":284603},{"id":120688,"n":"Gel douche argan So Bio Etic Nutrition bio - 650ml","p":6.65,"u":"10,23 €/L","img":"https://fd8-photos.leclercdrive.fr/image.ashx?id=2891583&use=l&cat=p&typeid=i","cat":284594},{"id":120690,"n":"Shampoing Nateïs Cheveux fragiles - 250ml","p":1.27,"u":"5,08 €/L","img":"https://fd8-photos.leclercdrive.fr/image.ashx?id=1889803&use=l&cat=p&typeid=i","cat":284606},{"id":120692,"n":"Pur jus d'orange Bio Village Bio - 2L","p":4.75,"u":"2,38 €/L","img":"https://fd8-photos.leclercdrive.fr/image.ashx?id=2751922&use=l&cat=p&typeid=i","cat":284521},{"id":120694,"n":"Jus de pomme bio Bio Village 1L","p":1.29,"u":"1,29 €/L","img":"https://fd8-photos.leclercdrive.fr/image.ashx?id=2958783&use=l&cat=p&typeid=i","cat":284522},{"id":120715,"n":"IGP Pâte Garofalo  Rigatoni - 500g","p":2.39,"u":"4,78 €/KG","img":"https://fd8-photos.leclercdrive.fr/image.ashx?id=3011890&use=l&cat=p&typeid=i","cat":284427},{"id":120741,"n":"Jus d'orange Bio Village Bio A base de concentré - 1L","p":2.19,"u":"2,19 €/L","img":"https://fd8-photos.leclercdrive.fr/image.ashx?id=2958777&use=l&cat=p&typeid=i","cat":284521},{"id":120744,"n":"Barre de céréales Nature Valley Sweet & Salty cacahuète x5-150g","p":2.82,"u":"18,80 €/KG","img":"https://fd8-photos.leclercdrive.fr/image.ashx?id=2737711&use=l&cat=p&typeid=i","cat":285869},{"id":120797,"n":"Cubes de filets de poulet Volandrie - 450g","p":5.09,"u":"11,31 €/KG","img":"https://fd8-photos.leclercdrive.fr/image.ashx?id=2647901&use=l&cat=p&typeid=i","cat":284336},{"id":120798,"n":"Filet de poulet jaune Volandrie Extra tendre - 300g","p":3.8,"u":"12,67 €/KG","img":"https://fd8-photos.leclercdrive.fr/image.ashx?id=2714894&use=l&cat=p&typeid=i","cat":284336},{"id":120799,"n":"Filet de poulet jaune Volandrie 300g","p":3.69,"u":"12,30 €/KG","img":"https://fd8-photos.leclercdrive.fr/image.ashx?id=2647910&use=l&cat=p&typeid=i","cat":284336},{"id":120800,"n":"Filet de poulet blanc Volandrie Extra tendre - 300g","p":3.8,"u":"12,67 €/KG","img":"https://fd8-photos.leclercdrive.fr/image.ashx?id=2647904&use=l&cat=p&typeid=i","cat":284336},{"id":120801,"n":"Filets poulet blanc Volandrie 300g","p":3.69,"u":"12,30 €/KG","img":"https://fd8-photos.leclercdrive.fr/image.ashx?id=2647907&use=l&cat=p&typeid=i","cat":284336},{"id":120822,"n":"Tablette de chocolat noir Lindt Croquant Noisette - 150g","p":4.42,"u":"29,47 €/KG","img":"https://fd8-photos.leclercdrive.fr/image.ashx?id=1877963&use=l&cat=p&typeid=i","cat":284956},{"id":120843,"n":"Chicorée Soluble Ricoré  Aux Céréales - 250g","p":4.65,"u":"18,60 €/KG","img":"https://fd8-photos.leclercdrive.fr/image.ashx?id=2979611&use=l&cat=p&typeid=i","cat":284843},{"id":120847,"n":"Bonbon colabizz Lutti Acidulé goût cola - 275g","p":1.1,"u":"4,00 €/KG","img":"https://fd8-photos.leclercdrive.fr/image.ashx?id=2551042&use=l&cat=p&typeid=i","cat":304250},{"id":120853,"n":"Bonbons Lutti Scoubifizz Piquants Fruits - 180g","p":1.93,"u":"10,72 €/KG","img":"https://fd8-photos.leclercdrive.fr/image.ashx?id=2964837&use=l&cat=p&typeid=i","cat":304250},{"id":120855,"n":"Bonbons Lutti Filitubs xl Piquants - 180g","p":2.15,"u":"11,94 €/KG","img":"https://fd8-photos.leclercdrive.fr/image.ashx?id=2817440&use=l&cat=p&typeid=i","cat":304250},{"id":120857,"n":"Bonbons Carambar Mini Fête Assortiment - 326g","p":3.43,"u":"10,52 €/KG","img":"https://fd8-photos.leclercdrive.fr/image.ashx?id=2972035&use=l&cat=p&typeid=i","cat":304250},{"id":120864,"n":"Bonbons Lutti Flexifizz Piquants Fraise - 225g","p":1.79,"u":"7,96 €/KG","img":"https://fd8-photos.leclercdrive.fr/image.ashx?id=2806396&use=l&cat=p&typeid=i","cat":304250},{"id":120869,"n":"Poudre d'amande Bio Village Doypack bio - 100g","p":2.5,"u":"25,00 €/KG","img":"https://fd8-photos.leclercdrive.fr/image.ashx?id=1873546&use=l&cat=p&typeid=i","cat":284504},{"id":120872,"n":"Pépites chocolat Bio Village Bio - 100g","p":2.21,"u":"22,10 €/KG","img":"https://fd8-photos.leclercdrive.fr/image.ashx?id=2590544&use=l&cat=p&typeid=i","cat":284504},{"id":120890,"n":"Chiffonnade de chorizo 80g","p":4.09,"u":"51,13 €/KG","img":"https://fd8-photos.leclercdrive.fr/image.ashx?id=2484389&use=l&cat=p&typeid=i","cat":316006},{"id":120891,"n":"Chiffonnade de Serrano 80g","p":4.05,"u":"50,63 €/KG","img":"https://fd8-photos.leclercdrive.fr/image.ashx?id=2484392&use=l&cat=p&typeid=i","cat":316007},{"id":120911,"n":"Crevettes 80/100 Equateur ASC L'Atelier Poissonnerie - 300g","p":3.75,"u":"12,50 €/KG","img":"https://fd8-photos.leclercdrive.fr/image.ashx?id=2714411&use=l&cat=p&typeid=i","cat":284343},{"id":120945,"n":"IGP Pays d'oc gris rosé Miss Anais 12% vol - 75cl","p":4.93,"u":"6,57 €/L","img":"https://fd8-photos.leclercdrive.fr/image.ashx?id=2692146&use=l&cat=p&typeid=i","cat":289558},{"id":121175,"n":"IGP Sud Est vin rosé L'Estil Terres du Midi - 3L","p":16.48,"u":"5,49 €/L","img":"https://fd8-photos.leclercdrive.fr/image.ashx?id=2105461&use=l&cat=p&typeid=i","cat":289560},{"id":121211,"n":"AOP Côtés du Rhône blanc Cellier des dauphins - 75cl","p":5.05,"u":"6,73 €/L","img":"https://fd8-photos.leclercdrive.fr/image.ashx?id=2019822&use=l&cat=p&typeid=i","cat":289557},{"id":121237,"n":"Compotes Pom'Potes Gourdes  5 Fruits Rouges - 4x90g","p":1.99,"u":"5,53 €/KG","img":"https://fd8-photos.leclercdrive.fr/image.ashx?id=3010885&use=l&cat=p&typeid=i","cat":284508},{"id":121242,"n":"Pizza Turini Prosciutto - 400g","p":2.89,"u":"7,23 €/KG","img":"https://fd8-photos.leclercdrive.fr/image.ashx?id=2619740&use=l&cat=p&typeid=i","cat":333679},{"id":121265,"n":"Chocolat en poudre Poulain 1848 Boîte - 450g","p":4.38,"u":"9,73 €/KG","img":"https://fd8-photos.leclercdrive.fr/image.ashx?id=2867122&use=l&cat=p&typeid=i","cat":293235},{"id":121270,"n":"Miel de fleurs liquide 500g","p":5.45,"u":"10,90 €/KG","img":"https://fd8-photos.leclercdrive.fr/image.ashx?id=2315910&use=l&cat=p&typeid=i","cat":287643},{"id":121271,"n":"Miel l'Apiculteur crémeux  et onctueux - 1kg","p":12.95,"u":"12,95 €/KG","img":"https://fd8-photos.leclercdrive.fr/image.ashx?id=2838253&use=l&cat=p&typeid=i","cat":287643},{"id":121272,"n":"Miel d'acacia Lune de Miel 375g","p":4.32,"u":"11,52 €/KG","img":"https://fd8-photos.leclercdrive.fr/image.ashx?id=2984865&use=l&cat=p&typeid=i","cat":287643},{"id":121274,"n":"Compotes Pom'Potes Gourdes  Pomme Fraise - 4x90g","p":1.99,"u":"5,53 €/KG","img":"https://fd8-photos.leclercdrive.fr/image.ashx?id=3010897&use=l&cat=p&typeid=i","cat":284508},{"id":121276,"n":"Compotes Pom'Potes Gourdes BIO  Pomme Nature - 4x90g","p":1.88,"u":"5,22 €/KG","img":"https://fd8-photos.leclercdrive.fr/image.ashx?id=2949814&use=l&cat=p&typeid=i","cat":284508},{"id":121315,"n":"Haché Happy Family Charal 20x80g - 1,6kg","p":19.84,"u":"12,40 €/KG","img":"https://fd8-photos.leclercdrive.fr/image.ashx?id=2739776&use=l&cat=p&typeid=i","cat":319778},{"id":121334,"n":"Biscuits roses de Reims Fossier 250g","p":4.24,"u":"16,96 €/KG","img":"https://fd8-photos.leclercdrive.fr/image.ashx?id=2519159&use=l&cat=p&typeid=i","cat":284487},{"id":121346,"n":"Yaourt aromatisé Perle de Lait sur Lit de Fraise - 4x125g","p":1.92,"u":"15,36 €/KG","img":"https://fd8-photos.leclercdrive.fr/image.ashx?id=2989210&use=l&cat=p&typeid=i","cat":314999},{"id":121356,"n":"Dentifrice Original Parodontax Complete protect - 75ml","p":5.83,"u":"77,73 €/L","img":"https://fd8-photos.leclercdrive.fr/image.ashx?id=2546749&use=l&cat=p&typeid=i","cat":284612},{"id":121387,"n":"Lingettes Mots d'Enfants Toilettes bio - x60","p":2.17,"u":"0,04 €/P","img":"https://fd8-photos.leclercdrive.fr/image.ashx?id=2856579&use=l&cat=p&typeid=i","cat":284738},{"id":121388,"n":"Sacs poubelle 20L Elembal Poignées coulissantes - x20","p":2.05,"u":"0,10 €/P","img":"https://fd8-photos.leclercdrive.fr/image.ashx?id=2958753&use=l&cat=p&typeid=i","cat":285168},{"id":121436,"n":"Crème anti-âge L'Oréal Paris Revitalift SPF 25 - 50ml","p":19.6,"u":"392,00 €/L","img":"https://fd8-photos.leclercdrive.fr/image.ashx?id=2853230&use=l&cat=p&typeid=i","cat":325345},{"id":121438,"n":"Sérum repulpant L'Oréal Paris Revitalift Anti-rides - 30ml","p":15.29,"u":"509,67 €/L","img":"https://fd8-photos.leclercdrive.fr/image.ashx?id=2926584&use=l&cat=p&typeid=i","cat":325345},{"id":121439,"n":"Ampoules 10% acide Glycolique Revitalift - 7 x 1ml","p":18.03,"img":"https://fd8-photos.leclercdrive.fr/image.ashx?id=2347972&use=l&cat=p&typeid=i","cat":325345},{"id":121442,"n":"Délices soufflés Beaufort AOP Ecochard - 4x100g","p":3.99,"u":"9,98 €/KG","img":"https://fd8-photos.leclercdrive.fr/image.ashx?id=2842639&use=l&cat=p&typeid=i","cat":333682},{"id":121444,"n":"Délices soufflés Quenelles Emmental de Savoie - 4x100g","p":3.99,"u":"9,98 €/KG","img":"https://fd8-photos.leclercdrive.fr/image.ashx?id=2842645&use=l&cat=p&typeid=i","cat":333682},{"id":121446,"n":"Peaches Haribo  Sachet bonbons - 250g","p":1.89,"u":"7,56 €/KG","img":"https://fd8-photos.leclercdrive.fr/image.ashx?id=2984925&use=l&cat=p&typeid=i","cat":304250},{"id":121447,"n":"Flanbolo Haribo Sachet bonbons - 200g","p":2.29,"u":"11,45 €/KG","img":"https://fd8-photos.leclercdrive.fr/image.ashx?id=2806117&use=l&cat=p&typeid=i","cat":304250},{"id":121492,"n":"Mini shampooing voyage Nateïs Tilleul Pomme - 100ml","p":1.09,"u":"10,90 €/L","img":"https://fd8-photos.leclercdrive.fr/image.ashx?id=1905503&use=l&cat=p&typeid=i","cat":284606},{"id":121493,"n":"Gel nettoyant Syphon Javel canalisation - 1L","p":2.98,"u":"2,98 €/L","img":"https://fd8-photos.leclercdrive.fr/image.ashx?id=2917659&use=l&cat=p&typeid=i","cat":284908},{"id":121586,"n":"Cahier 96 pages 5x5 Esquisse Rouge - 21x29.7cm","p":1.1,"img":"https://fd8-photos.leclercdrive.fr/image.ashx?id=1931694&use=l&cat=p&typeid=i","cat":284697},{"id":121590,"n":"Cahier 96 pages 5x5 Esquisse Vert - 21x29.7cm","p":1.1,"img":"https://fd8-photos.leclercdrive.fr/image.ashx?id=1931775&use=l&cat=p&typeid=i","cat":284697},{"id":121699,"n":"Farine semi-complète Bio Bio Village - 1kg","p":1.45,"u":"1,45 €/KG","img":"https://fd8-photos.leclercdrive.fr/image.ashx?id=2460045&use=l&cat=p&typeid=i","cat":284503},{"id":121707,"n":"Sauce bolognaise pur boeuf Panzani - 200g","p":2.01,"u":"10,05 €/KG","img":"https://fd8-photos.leclercdrive.fr/image.ashx?id=2880682&use=l&cat=p&typeid=i","cat":287599},{"id":121708,"n":"Céréales fourrées P'tit Déli Chocolat noisette - 650g","p":3.08,"u":"4,74 €/KG","img":"https://fd8-photos.leclercdrive.fr/image.ashx?id=2840740&use=l&cat=p&typeid=i","cat":309513},{"id":121777,"n":"Noix de cajou Tokapi Miel & sel - 125g","p":2.28,"u":"18,24 €/KG","img":"https://fd8-photos.leclercdrive.fr/image.ashx?id=2793899&use=l&cat=p&typeid=i","cat":284448},{"id":121864,"n":"Thé Earl Grey Yaté x25- 45g","p":0.82,"u":"18,22 €/KG","img":"https://fd8-photos.leclercdrive.fr/image.ashx?id=2952400&use=l&cat=p&typeid=i","cat":293233},{"id":121992,"n":"Secret de mousse La laitière Chocolat Lait et Blanc - 4x59 g","p":1.55,"u":"6,57 €/KG","img":"https://fd8-photos.leclercdrive.fr/image.ashx?id=2729782&use=l&cat=p&typeid=i","cat":284417},{"id":122011,"n":"Popcorn PopBox micro-ondes salé 300g","p":3.61,"u":"12,03 €/KG","img":"https://fd8-photos.leclercdrive.fr/image.ashx?id=2735767&use=l&cat=p&typeid=i","cat":304249},{"id":122074,"n":"Biscuit pavot Nat&Vie Citron - 200g","p":1.29,"u":"6,45 €/KG","img":"https://fd8-photos.leclercdrive.fr/image.ashx?id=1879930&use=l&cat=p&typeid=i","cat":318651},{"id":122089,"n":"Mini lunettes bio Bio Village  Fraise - 156g","p":1.99,"u":"12,76 €/KG","img":"https://fd8-photos.leclercdrive.fr/image.ashx?id=2353381&use=l&cat=p&typeid=i","cat":284489},{"id":122092,"n":"Goûter bio Bio Village Fourrage cacao - 185g","p":2.06,"u":"11,14 €/KG","img":"https://fd8-photos.leclercdrive.fr/image.ashx?id=1879942&use=l&cat=p&typeid=i","cat":284488},{"id":122094,"n":"Barre bio Bio village Chocolat coeur au lait - 125g","p":3.35,"u":"26,80 €/KG","img":"https://fd8-photos.leclercdrive.fr/image.ashx?id=2176095&use=l&cat=p&typeid=i","cat":284488},{"id":122102,"n":"Noix de coco bio Bio Village En poudre - 100g","p":1.63,"u":"16,30 €/KG","img":"https://fd8-photos.leclercdrive.fr/image.ashx?id=1879994&use=l&cat=p&typeid=i","cat":284504},{"id":122225,"n":"Tortillas Chips bio Bio Village Chili - 150g","p":1.72,"u":"11,47 €/KG","img":"https://fd8-photos.leclercdrive.fr/image.ashx?id=2647964&use=l&cat=p&typeid=i","cat":287899},{"id":122344,"n":"Pots bébé soir bio Babybio Légumes riz - 8 mois - 2x200g","p":2.51,"u":"6,28 €/KG","img":"https://fd8-photos.leclercdrive.fr/image.ashx?id=2838314&use=l&cat=p&typeid=i","cat":312239},{"id":122346,"n":"Babybio Optima croissance 3 Bio 800g","p":18.25,"u":"22,81 €/KG","img":"https://fd8-photos.leclercdrive.fr/image.ashx?id=2944029&use=l&cat=p&typeid=i","cat":290219},{"id":122347,"n":"Lait Primea 2 Bio Babybio 800g","p":14.77,"u":"18,46 €/KG","img":"https://fd8-photos.leclercdrive.fr/image.ashx?id=2962824&use=l&cat=p&typeid=i","cat":284727},{"id":122348,"n":"Lait Primea 3 Bio Babybio 800g","p":15.59,"u":"19,49 €/KG","img":"https://fd8-photos.leclercdrive.fr/image.ashx?id=2944026&use=l&cat=p&typeid=i","cat":290219},{"id":122367,"n":"Sacs Congélation Zip Alfapac Petit Modèle - x30","p":2.41,"u":"0,08 €/P","img":"https://fd8-photos.leclercdrive.fr/image.ashx?id=2986335&use=l&cat=p&typeid=i","cat":334134},{"id":122419,"n":"Skyr Siggi's  Nature 0% MG - 2x140g","p":2.05,"u":"7,32 €/KG","img":"https://fd8-photos.leclercdrive.fr/image.ashx?id=2372412&use=l&cat=p&typeid=i","cat":315000},{"id":122420,"n":"Skyr Siggi's  Vanille - 2x140g","p":2.15,"u":"7,68 €/KG","img":"https://fd8-photos.leclercdrive.fr/image.ashx?id=2646119&use=l&cat=p&typeid=i","cat":315000},{"id":122435,"n":"Lardons supérieurs Bio Village bio Fumés - 2x60g","p":1.75,"u":"14,58 €/KG","img":"https://fd8-photos.leclercdrive.fr/image.ashx?id=2761983&use=l&cat=p&typeid=i","cat":316011},{"id":122486,"n":"Thon blanc entier Pêche Océan MSC - 160g","p":2.89,"u":"18,06 €/KG","img":"https://fd8-photos.leclercdrive.fr/image.ashx?id=2942229&use=l&cat=p&typeid=i","cat":303867},{"id":122528,"n":"Skyr Siggi's  Framboise - 2x140g","p":2.15,"u":"7,68 €/KG","img":"https://fd8-photos.leclercdrive.fr/image.ashx?id=2692095&use=l&cat=p&typeid=i","cat":315000},{"id":122529,"n":"Skyr Siggi's  Myrtille - 2x140g","p":2.15,"u":"7,68 €/KG","img":"https://fd8-photos.leclercdrive.fr/image.ashx?id=2692098&use=l&cat=p&typeid=i","cat":315000},{"id":122553,"n":"Compote bio Bio Village Bocal pomme vanille - 625g","p":2.02,"u":"3,23 €/KG","img":"https://fd8-photos.leclercdrive.fr/image.ashx?id=1948045&use=l&cat=p&typeid=i","cat":284508},{"id":122790,"n":"Chips Tuiles Pringles Hot Spicy - 175g","p":2.0,"u":"11,43 €/KG","img":"https://fd8-photos.leclercdrive.fr/image.ashx?id=2902295&use=l&cat=p&typeid=i","cat":287899},{"id":122792,"n":"Chips Tuiles Pringles Crème et Oignon - 175g","p":1.79,"u":"10,23 €/KG","img":"https://fd8-photos.leclercdrive.fr/image.ashx?id=2902292&use=l&cat=p&typeid=i","cat":287899},{"id":122810,"n":"Kakis Panier du Primeur Barquette 1kg","p":2.99,"u":"2,99 €/KG","img":"https://fd8-photos.leclercdrive.fr/image.ashx?id=2402798&use=l&cat=p&typeid=i","cat":284356},{"id":122858,"n":"Végétal Haché Garden Gourmet Cru Soja à Cuisiner 200g","p":3.86,"u":"19,30 €/KG","img":"https://fd8-photos.leclercdrive.fr/image.ashx?id=2737102&use=l&cat=p&typeid=i","cat":316036},{"id":122895,"n":"Chips Tuiles Pringles Original - 175g","p":1.97,"u":"11,26 €/KG","img":"https://fd8-photos.leclercdrive.fr/image.ashx?id=2902298&use=l&cat=p&typeid=i","cat":287899},{"id":122928,"n":"Sauce apéritif Old El Paso Mexicanita medium - 335g","p":2.03,"u":"6,06 €/KG","img":"https://fd8-photos.leclercdrive.fr/image.ashx?id=2737609&use=l&cat=p&typeid=i","cat":288993},{"id":122929,"n":"Sauces Old El Paso Guacamole Salsa et Poivrons - 575g","p":3.37,"u":"5,86 €/KG","img":"https://fd8-photos.leclercdrive.fr/image.ashx?id=2765399&use=l&cat=p&typeid=i","cat":288993},{"id":122973,"n":"Jambon de Paris Tradilège Découenné - 2 tranches - 80g","p":1.19,"u":"14,88 €/KG","img":"https://fd8-photos.leclercdrive.fr/image.ashx?id=2994384&use=l&cat=p&typeid=i","cat":316009},{"id":123062,"n":"Jambon de Paris Tradilège A l'étouffé - 160g","p":1.7,"u":"10,63 €/KG","img":"https://fd8-photos.leclercdrive.fr/image.ashx?id=2951143&use=l&cat=p&typeid=i","cat":316009},{"id":123063,"n":"Jambon de Paris Tradilège Découenné dégraissé x6 - 240g","p":2.39,"u":"9,96 €/KG","img":"https://fd8-photos.leclercdrive.fr/image.ashx?id=2951146&use=l&cat=p&typeid=i","cat":316009},{"id":123065,"n":"Jambon de Paris Tradilège À l'étouffée x8 - 320g","p":3.13,"u":"9,78 €/KG","img":"https://fd8-photos.leclercdrive.fr/image.ashx?id=2994387&use=l&cat=p&typeid=i","cat":316009},{"id":123067,"n":"Jambon de Paris Tradilège Découenné dégraissé x10 - 400g","p":3.85,"u":"9,63 €/KG","img":"https://fd8-photos.leclercdrive.fr/image.ashx?id=2930787&use=l&cat=p&typeid=i","cat":316009},{"id":123070,"n":"Jambon de Paris Tradilège -25% de sel - 4 tranches - 140g","p":2.05,"u":"14,64 €/KG","img":"https://fd8-photos.leclercdrive.fr/image.ashx?id=2991527&use=l&cat=p&typeid=i","cat":316009},{"id":123074,"n":"Jambon supérieur Tradilège Découenné dégraissé x4 - 160g","p":2.21,"u":"13,81 €/KG","img":"https://fd8-photos.leclercdrive.fr/image.ashx?id=2984194&use=l&cat=p&typeid=i","cat":316009},{"id":123076,"n":"Jambon supérieur Tradilège Découenné dégraissé x6 - 240g","p":3.39,"u":"14,13 €/KG","img":"https://fd8-photos.leclercdrive.fr/image.ashx?id=2974879&use=l&cat=p&typeid=i","cat":316009},{"id":123103,"n":"Jambon supérieur Tradilège Sans couenne x8 - 320g","p":4.18,"u":"13,06 €/KG","img":"https://fd8-photos.leclercdrive.fr/image.ashx?id=2943692&use=l&cat=p&typeid=i","cat":316009},{"id":123105,"n":"Jambon supérieur Tradilège Avec couenne 4 tranches - 160g","p":2.07,"u":"12,94 €/KG","img":"https://fd8-photos.leclercdrive.fr/image.ashx?id=2925756&use=l&cat=p&typeid=i","cat":316009},{"id":123106,"n":"Jambon supérieur Tradilège Avec couenne 6 tranches - 240g","p":3.1,"u":"12,92 €/KG","img":"https://fd8-photos.leclercdrive.fr/image.ashx?id=2970593&use=l&cat=p&typeid=i","cat":316009},{"id":123107,"n":"Jambon supérieur Tradilège Avec couenne 8 tranches - 320g","p":4.13,"u":"12,91 €/KG","img":"https://fd8-photos.leclercdrive.fr/image.ashx?id=2979586&use=l&cat=p&typeid=i","cat":316009},{"id":123183,"n":"IGP Terres du Midi rosé Listel Cuvée St Louis - 75cl","p":5.59,"u":"7,45 €/L","img":"https://fd8-photos.leclercdrive.fr/image.ashx?id=2630382&use=l&cat=p&typeid=i","cat":289558},{"id":123255,"n":"Après-shampooing classic Head & Shoulders - 220ml","p":4.19,"u":"19,05 €/L","img":"https://fd8-photos.leclercdrive.fr/image.ashx?id=2143073&use=l&cat=p&typeid=i","cat":284607},{"id":123257,"n":"Capsules café Plantation Lungo forte n°7 - x16 - 105g","p":3.35,"u":"31,90 €/KG","img":"https://fd8-photos.leclercdrive.fr/image.ashx?id=2649744&use=l&cat=p&typeid=i","cat":293239},{"id":123344,"n":"AOP Côtes du Marmandais rosé La Vieile Eglise - BIB 3L","p":12.25,"u":"4,08 €/L","img":"https://fd8-photos.leclercdrive.fr/image.ashx?id=1896328&use=l&cat=p&typeid=i","cat":289560},{"id":123360,"n":"Pétales Tables du Monde A la crevette ASC - 50g","p":0.65,"u":"13,00 €/KG","img":"https://fd8-photos.leclercdrive.fr/image.ashx?id=3013639&use=l&cat=p&typeid=i","cat":288992},{"id":123368,"n":"Brume d'eau Mot d'enfant 200ml","p":1.99,"u":"9,95 €/L","img":"https://fd8-photos.leclercdrive.fr/image.ashx?id=3015123&use=l&cat=p&typeid=i","cat":284741},{"id":123371,"n":"Déboucheur Syphon Spécial cheveux - 1L","p":2.35,"u":"2,35 €/L","img":"https://fd8-photos.leclercdrive.fr/image.ashx?id=2202473&use=l&cat=p&typeid=i","cat":284908},{"id":123375,"n":"Gel Toilette Intime Neutre Intima Natural 200ml","p":3.29,"u":"16,45 €/L","img":"https://fd8-photos.leclercdrive.fr/image.ashx?id=2959865&use=l&cat=p&typeid=i","cat":284627},{"id":123393,"n":"Bière sans alcool Tourtel Twist Agrume 0,0° - 6x27,5cl","p":4.15,"u":"2,52 €/L","img":"https://fd8-photos.leclercdrive.fr/image.ashx?id=2730736&use=l&cat=p&typeid=i","cat":334877},{"id":123397,"n":"Bière sans alcool Tourtel Twist Framboise 0,0° - 6x27,5cl","p":4.15,"u":"2,52 €/L","img":"https://fd8-photos.leclercdrive.fr/image.ashx?id=2886705&use=l&cat=p&typeid=i","cat":334877},{"id":123407,"n":"Bière sans alcool Tourtel Twist Citron 0,0° - 6x27,5cl","p":3.89,"u":"2,36 €/L","img":"https://fd8-photos.leclercdrive.fr/image.ashx?id=2886702&use=l&cat=p&typeid=i","cat":334877},{"id":123416,"n":"Soda Coca-Cola Original Bouteille - Pack 6x1,75L","p":14.22,"u":"1,35 €/L","img":"https://fd8-photos.leclercdrive.fr/image.ashx?id=2878333&use=l&cat=p&typeid=i","cat":284530},{"id":123422,"n":"Soda Coca-Cola Sans Sucres Bouteille - 1,75L","p":1.75,"u":"1,00 €/L","img":"https://fd8-photos.leclercdrive.fr/image.ashx?id=2971748&use=l&cat=p&typeid=i","cat":284530},{"id":123432,"n":"Crème lavante L'arbre Vert Recharge - Amande douche -300ml","p":2.15,"u":"7,17 €/L","img":"https://fd8-photos.leclercdrive.fr/image.ashx?id=2886115&use=l&cat=p&typeid=i","cat":284597},{"id":123436,"n":"Boisson fruit shoot Teisseire Tropical - 6x20cl","p":2.08,"u":"1,73 €/L","img":"https://fd8-photos.leclercdrive.fr/image.ashx?id=2858204&use=l&cat=p&typeid=i","cat":295018},{"id":123437,"n":"Boisson Fruit shoot Teisseire Multivamine - 6x20cl","p":2.93,"u":"2,44 €/L","img":"https://fd8-photos.leclercdrive.fr/image.ashx?id=2858201&use=l&cat=p&typeid=i","cat":295018},{"id":123441,"n":"Mascara Maybelline  Colossal Go volume extrême Noir","p":9.9,"u":"430,43 €/L","img":"https://fd8-photos.leclercdrive.fr/image.ashx?id=2344162&use=l&cat=p&typeid=i","cat":287029},{"id":123448,"n":"Biscuits cacao Kinder Cards Au lait et au cacao 2x5 - 128g","p":3.09,"u":"12,07 €/KG","img":"https://fd8-photos.leclercdrive.fr/image.ashx?id=2672608&use=l&cat=p&typeid=i","cat":284488},{"id":123491,"n":"Crêpe fourrée Whaou Chocolat - x8 - 256g","p":1.91,"u":"7,46 €/KG","img":"https://fd8-photos.leclercdrive.fr/image.ashx?id=2962863&use=l&cat=p&typeid=i","cat":284494},{"id":123492,"n":"Crêpes Whaou! Chocolat x15 - 480g","p":3.95,"u":"8,23 €/KG","img":"https://fd8-photos.leclercdrive.fr/image.ashx?id=2986449&use=l&cat=p&typeid=i","cat":284494},{"id":123503,"n":"Yaourt fjord fromage blanc Nature - 4x125g","p":2.05,"u":"4,10 €/KG","img":"https://fd8-photos.leclercdrive.fr/image.ashx?id=2956993&use=l&cat=p&typeid=i","cat":284409},{"id":123504,"n":"Yaourt fjord fromage blanc Nature - 8x125g","p":3.47,"u":"3,47 €/KG","img":"https://fd8-photos.leclercdrive.fr/image.ashx?id=2653222&use=l&cat=p&typeid=i","cat":284409},{"id":123523,"n":"Tubes Copains Copines Arc-en-ciel - 200g","p":1.13,"u":"5,65 €/KG","img":"https://fd8-photos.leclercdrive.fr/image.ashx?id=2589864&use=l&cat=p&typeid=i","cat":304250},{"id":123528,"n":"Soucoupes Copains Copines Acides - 39g","p":0.99,"u":"25,38 €/KG","img":"https://fd8-photos.leclercdrive.fr/image.ashx?id=2934751&use=l&cat=p&typeid=i","cat":304250},{"id":123530,"n":"Marshmallows Copains Copines Enrobés chocolat - 160g","p":1.69,"u":"10,56 €/KG","img":"https://fd8-photos.leclercdrive.fr/image.ashx?id=2934754&use=l&cat=p&typeid=i","cat":304250},{"id":123540,"n":"Eau minérale naturelle Volvic 6x50cl","p":2.34,"u":"0,78 €/L","img":"https://fd8-photos.leclercdrive.fr/image.ashx?id=2730247&use=l&cat=p&typeid=i","cat":284535},{"id":123541,"n":"Eau minérale naturelle Evian  12x33cl","p":4.87,"u":"1,23 €/L","img":"https://fd8-photos.leclercdrive.fr/image.ashx?id=2973556&use=l&cat=p&typeid=i","cat":284535},{"id":123542,"n":"Eau minérale naturelle Evian  6x50cl","p":2.6,"u":"0,87 €/L","img":"https://fd8-photos.leclercdrive.fr/image.ashx?id=2969022&use=l&cat=p&typeid=i","cat":284535},{"id":123545,"n":"Quiche lorraine Marie Pur beurre - 400g","p":3.29,"u":"8,23 €/KG","img":"https://fd8-photos.leclercdrive.fr/image.ashx?id=2318546&use=l&cat=p&typeid=i","cat":333680},{"id":123550,"n":"Yaourt aux fruits brassés Velouté fruix Danone - 16x125g","p":4.64,"u":"2,32 €/KG","img":"https://fd8-photos.leclercdrive.fr/image.ashx?id=2912923&use=l&cat=p&typeid=i","cat":284410},{"id":123551,"n":"Yaourt aux fruits brassés Velouté fruix Danone - 12x125g","p":3.89,"u":"2,59 €/KG","img":"https://fd8-photos.leclercdrive.fr/image.ashx?id=2912929&use=l&cat=p&typeid=i","cat":284410},{"id":123552,"n":"Yaourt fruits rouges brassés Velouté fruix Danone - 8x125g","p":2.69,"u":"2,69 €/KG","img":"https://fd8-photos.leclercdrive.fr/image.ashx?id=2912932&use=l&cat=p&typeid=i","cat":284410},{"id":123553,"n":"Yaourt aux fruits velouté fruix Danone brassé fraise - 4x125g","p":1.89,"u":"3,78 €/KG","img":"https://fd8-photos.leclercdrive.fr/image.ashx?id=2911855&use=l&cat=p&typeid=i","cat":284410},{"id":123554,"n":"Yaourt aux fruits velouté fruix Danone brassé framboise -4x125g","p":1.99,"u":"3,98 €/KG","img":"https://fd8-photos.leclercdrive.fr/image.ashx?id=2911858&use=l&cat=p&typeid=i","cat":284410},{"id":123557,"n":"Kiwi Panier du Primeur Filière Mûrs à point - x6","p":3.99,"u":"0,67 €/P","img":"https://fd8-photos.leclercdrive.fr/image.ashx?id=2955047&use=l&cat=p&typeid=i","cat":284356},{"id":123563,"n":"Filet de poulet blanc Maître Coq - 1kg","p":11.51,"u":"11,51 €/KG","img":"https://fd8-photos.leclercdrive.fr/image.ashx?id=2551132&use=l&cat=p&typeid=i","cat":284336},{"id":123603,"n":"Kit Distributeur Savon Mains Dettol Citron 250ml","p":6.49,"u":"Dont 0,02 € d'éco-part.","img":"https://fd8-photos.leclercdrive.fr/image.ashx?id=2975134&use=l&cat=p&typeid=i","cat":284597},{"id":123606,"n":"Lessive liquide blanc Epsil 25 lavages - 1.25L","p":2.54,"u":"2,03 €/L","img":"https://fd8-photos.leclercdrive.fr/image.ashx?id=2838933&use=l&cat=p&typeid=i","cat":284640},{"id":123622,"n":"Lait poudre Optima 2 Babybio  Bio 6 mois à 1an - 800g","p":19.05,"u":"23,81 €/KG","img":"https://fd8-photos.leclercdrive.fr/image.ashx?id=2988436&use=l&cat=p&typeid=i","cat":284727},{"id":123623,"n":"Bière ambrée Affligem 6,7D 6x25 Cl","p":5.95,"u":"3,97 €/L","img":"https://fd8-photos.leclercdrive.fr/image.ashx?id=2672029&use=l&cat=p&typeid=i","cat":334852},{"id":123624,"n":"Pain de mie nature Jacquet Sans sucre -  700g","p":2.19,"u":"3,13 €/KG","img":"https://fd8-photos.leclercdrive.fr/image.ashx?id=2991864&use=l&cat=p&typeid=i","cat":284477},{"id":123687,"n":"Lait de croissance Bio BabyBio 6x1L","p":13.89,"u":"2,32 €/L","img":"https://fd8-photos.leclercdrive.fr/image.ashx?id=2953875&use=l&cat=p&typeid=i","cat":284728},{"id":123695,"n":"Lait Primea 1 Bio BabyBio 800g","p":14.26,"u":"17,83 €/KG","img":"https://fd8-photos.leclercdrive.fr/image.ashx?id=2911327&use=l&cat=p&typeid=i","cat":284726},{"id":123697,"n":"Lait Caprea 2 Bio Babybio Bio 800g","p":34.99,"u":"43,74 €/KG","img":"https://fd8-photos.leclercdrive.fr/image.ashx?id=2733340&use=l&cat=p&typeid=i","cat":284727},{"id":123703,"n":"Ravioles du Dauphiné IGP 5 plaques - 300g","p":2.62,"u":"8,73 €/KG","img":"https://fd8-photos.leclercdrive.fr/image.ashx?id=2833459&use=l&cat=p&typeid=i","cat":333682},{"id":123706,"n":"Ravioles du Dauphiné IGP 2x5 plaques - 600g","p":7.53,"u":"12,55 €/KG","img":"https://fd8-photos.leclercdrive.fr/image.ashx?id=2881365&use=l&cat=p&typeid=i","cat":333682},{"id":123710,"n":"Tomato Ketchup Zéro Heinz sans sucre ni sel - 425g","p":2.85,"u":"6,71 €/KG","img":"https://fd8-photos.leclercdrive.fr/image.ashx?id=2927723&use=l&cat=p&typeid=i","cat":284455},{"id":123841,"n":"Sardines sans arêtes au citron Connétable - 140g","p":3.25,"u":"23,21 €/KG","img":"https://fd8-photos.leclercdrive.fr/image.ashx?id=2677333&use=l&cat=p&typeid=i","cat":305146},{"id":123883,"n":"Thon Alba Connetable Naturel Label Rouge - 112g","p":2.59,"u":"23,13 €/KG","img":"https://fd8-photos.leclercdrive.fr/image.ashx?id=2674128&use=l&cat=p&typeid=i","cat":303867},{"id":123885,"n":"Vodka Absolut 40%vol - 35cl","p":11.16,"u":"31,89 €/L","img":"https://fd8-photos.leclercdrive.fr/image.ashx?id=3000845&use=l&cat=p&typeid=i","cat":284550},{"id":123960,"n":"Bière sans alcool Desperados Virgin - Agrumes 3x33cl","p":3.33,"u":"3,36 €/L","img":"https://fd8-photos.leclercdrive.fr/image.ashx?id=2977966&use=l&cat=p&typeid=i","cat":334877},{"id":124035,"n":"Jus de raisin ABC Eco+ 1L","p":0.98,"u":"0,98 €/L","img":"https://fd8-photos.leclercdrive.fr/image.ashx?id=2802275&use=l&cat=p&typeid=i","cat":284915},{"id":124046,"n":"Sardine Connetable Sans Arête - Tomate - 140g","p":2.75,"u":"19,64 €/KG","img":"https://fd8-photos.leclercdrive.fr/image.ashx?id=2638811&use=l&cat=p&typeid=i","cat":305146},{"id":124052,"n":"Nouilles de riz Table du monde 250g","p":1.99,"u":"7,96 €/KG","img":"https://fd8-photos.leclercdrive.fr/image.ashx?id=2679780&use=l&cat=p&typeid=i","cat":288992},{"id":124243,"n":"Pâté en croûte Maison Monterrat Apéri'Croq classique - 450g","p":3.49,"u":"7,76 €/KG","img":"https://fd8-photos.leclercdrive.fr/image.ashx?id=2277260&use=l&cat=p&typeid=i","cat":316003},{"id":124260,"n":"Champignons emincés Bonduelle Sans sulfite,additif - 460g","p":2.98,"u":"6,48 €/KG","img":"https://fd8-photos.leclercdrive.fr/image.ashx?id=2913124&use=l&cat=p&typeid=i","cat":312610},{"id":124262,"n":"Le Champignon Émincé Épais Bonduelle Sans Sulfite 230g","p":1.79,"u":"7,78 €/KG","img":"https://fd8-photos.leclercdrive.fr/image.ashx?id=2915724&use=l&cat=p&typeid=i","cat":312610},{"id":124272,"n":"Thon nature entier Saupiquet MSC - 140g","p":2.78,"u":"19,86 €/KG","img":"https://fd8-photos.leclercdrive.fr/image.ashx?id=2731540&use=l&cat=p&typeid=i","cat":303867},{"id":124290,"n":"Whisky Grant's Triple Wood - 40%vol - 1.5L","p":27.51,"u":"18,34 €/L","img":"https://fd8-photos.leclercdrive.fr/image.ashx?id=2834713&use=l&cat=p&typeid=i","cat":284547},{"id":124466,"n":"AOC Crémant d'Alsace brut Bio Rebmann - 75cl","p":6.99,"u":"9,32 €/L","img":"https://fd8-photos.leclercdrive.fr/image.ashx?id=2639912&use=l&cat=p&typeid=i","cat":284545},{"id":124467,"n":"AOC Vin blanc Monbazillac Bio Terrasses d'Autan - 75cl","p":7.99,"u":"10,65 €/L","img":"https://fd8-photos.leclercdrive.fr/image.ashx?id=2775119&use=l&cat=p&typeid=i","cat":289557},{"id":124478,"n":"IGP Méditérranée rosé Les Calandières - 75cl","p":4.1,"u":"5,47 €/L","img":"https://fd8-photos.leclercdrive.fr/image.ashx?id=2996608&use=l&cat=p&typeid=i","cat":289558},{"id":124483,"n":"Cône artisanal L'Angélys Coulis chocolat noisette - 210g","p":5.99,"u":"28,52 €/KG","img":"https://fd8-photos.leclercdrive.fr/image.ashx?id=2419206&use=l&cat=p&typeid=i","cat":284264},{"id":124496,"n":"Crème glacée Ben & Jerry's Choco Fudge Brownie - 408g","p":3.67,"u":"9,00 €/KG","img":"https://fd8-photos.leclercdrive.fr/image.ashx?id=2738050&use=l&cat=p&typeid=i","cat":284725},{"id":124498,"n":"Glace en Pot BEN & JERRY'S Cookie Dough - 465ml","p":3.68,"u":"9,06 €/KG","img":"https://fd8-photos.leclercdrive.fr/image.ashx?id=2738056&use=l&cat=p&typeid=i","cat":284725},{"id":124499,"n":"Glace en Pot BEN & JERRY'S Vanilla Pecan Blondie - 465ml","p":4.16,"u":"10,05 €/KG","img":"https://fd8-photos.leclercdrive.fr/image.ashx?id=2832548&use=l&cat=p&typeid=i","cat":284725},{"id":124500,"n":"Crème glacée Ben & Jerry's Peanut butter - 425g","p":3.68,"u":"8,66 €/KG","img":"https://fd8-photos.leclercdrive.fr/image.ashx?id=3001524&use=l&cat=p&typeid=i","cat":284725},{"id":124533,"n":"Confiture extra bio Bio Village Rhubarbe - 370g","p":2.59,"u":"7,00 €/KG","img":"https://fd8-photos.leclercdrive.fr/image.ashx?id=2482514&use=l&cat=p&typeid=i","cat":284480},{"id":124585,"n":"Black spiced \"The kraken\" 40° - 70cl","p":27.58,"u":"39,40 €/L","img":"https://fd8-photos.leclercdrive.fr/image.ashx?id=2550940&use=l&cat=p&typeid=i","cat":284550},{"id":124594,"n":"Capsules Nescafé Dolce Gusto Espresso - x16","p":4.49,"u":"51,02 €/KG","img":"https://fd8-photos.leclercdrive.fr/image.ashx?id=2952025&use=l&cat=p&typeid=i","cat":293239},{"id":124595,"n":"Nutella Biscuit pâte à tartiner Cacao Noisettes - 166g","p":1.99,"u":"11,99 €/KG","img":"https://fd8-photos.leclercdrive.fr/image.ashx?id=2922200&use=l&cat=p&typeid=i","cat":284488},{"id":124652,"n":"Sorbet Eskiss Cassis - 650g","p":3.56,"u":"5,48 €/KG","img":"https://fd8-photos.leclercdrive.fr/image.ashx?id=1959280&use=l&cat=p&typeid=i","cat":284263},{"id":124654,"n":"Bac crème glacée Eskiss Caramel - 500g","p":3.89,"u":"7,78 €/KG","img":"https://fd8-photos.leclercdrive.fr/image.ashx?id=2982676&use=l&cat=p&typeid=i","cat":284263},{"id":124655,"n":"Bac sorbet Eskiss Mangue - 650g","p":2.49,"u":"3,83 €/KG","img":"https://fd8-photos.leclercdrive.fr/image.ashx?id=2982673&use=l&cat=p&typeid=i","cat":284263},{"id":124670,"n":"Pain de mie complet Jacquet Maxi - Sans sucre ajouté - 550g","p":1.55,"u":"2,82 €/KG","img":"https://fd8-photos.leclercdrive.fr/image.ashx?id=2935708&use=l&cat=p&typeid=i","cat":284477},{"id":124671,"n":"Pain de mie Sans croûte Jacquet Sans sucre ajouté - 475g","p":1.75,"u":"3,68 €/KG","img":"https://fd8-photos.leclercdrive.fr/image.ashx?id=2919754&use=l&cat=p&typeid=i","cat":284477},{"id":124694,"n":"Saucisson Mini Justin Bridou  Bâton de Berger nature - 160g","p":3.59,"u":"22,44 €/KG","img":"https://fd8-photos.leclercdrive.fr/image.ashx?id=2921786&use=l&cat=p&typeid=i","cat":316006},{"id":124696,"n":"Accras de morue MSC Table du Monde - 200g","p":2.29,"u":"11,45 €/KG","img":"https://fd8-photos.leclercdrive.fr/image.ashx?id=1959049&use=l&cat=p&typeid=i","cat":333673},{"id":124723,"n":"Champignon Bonduelle Emincé - 3x115g","p":3.22,"u":"9,33 €/KG","img":"https://fd8-photos.leclercdrive.fr/image.ashx?id=2913121&use=l&cat=p&typeid=i","cat":312610},{"id":124749,"n":"Laque cheveux Elnett forte  Protection couleur - 300ml","p":8.48,"u":"28,27 €/L","img":"https://fd8-photos.leclercdrive.fr/image.ashx?id=2382027&use=l&cat=p&typeid=i","cat":284609},{"id":124791,"n":"Serviette Nana Maxi goodnight - x12","p":2.15,"u":"0,18 €/P","img":"https://fd8-photos.leclercdrive.fr/image.ashx?id=2806402&use=l&cat=p&typeid=i","cat":284624},{"id":124794,"n":"Serviettes Tena Men Level 1 - x12","p":4.85,"u":"0,40 €/P","img":"https://fd8-photos.leclercdrive.fr/image.ashx?id=2428570&use=l&cat=p&typeid=i","cat":291514},{"id":124795,"n":"Protège lingerie Nana Extra long - x24","p":2.26,"u":"0,09 €/P","img":"https://fd8-photos.leclercdrive.fr/image.ashx?id=2968499&use=l&cat=p&typeid=i","cat":284625},{"id":124796,"n":"Rasoirs jetables Gillette Simply Venus - x4","p":5.63,"u":"1,41 €/P","img":"https://fd8-photos.leclercdrive.fr/image.ashx?id=2746346&use=l&cat=p&typeid=i","cat":325352},{"id":124837,"n":"Dual nature saumon One Purina Chat stérilisé - 1,4kg","p":5.86,"u":"4,19 €/KG","img":"https://fd8-photos.leclercdrive.fr/image.ashx?id=2871145&use=l&cat=p&typeid=i","cat":284680},{"id":124874,"n":"Crème glacée Ben & Jerry's  Caramel Brownie Party - 405g","p":3.67,"u":"9,06 €/KG","img":"https://fd8-photos.leclercdrive.fr/image.ashx?id=2773889&use=l&cat=p&typeid=i","cat":284725},{"id":124901,"n":"Pâte à tartiner Nutella 630g","p":4.89,"u":"7,76 €/KG","img":"https://fd8-photos.leclercdrive.fr/image.ashx?id=2968841&use=l&cat=p&typeid=i","cat":284481},{"id":124903,"n":"Laque fixation forte Eco+ 400ml","p":1.11,"u":"2,78 €/L","img":"https://fd8-photos.leclercdrive.fr/image.ashx?id=2270223&use=l&cat=p&typeid=i","cat":284609},{"id":124905,"n":"Sacs poubelle coulissants Eco+ 30 l - x20","p":1.23,"u":"0,06 €/P","img":"https://fd8-photos.leclercdrive.fr/image.ashx?id=1901701&use=l&cat=p&typeid=i","cat":285168},{"id":124909,"n":"Culotte Enuresie Mots d'Enfants 4-7 ans -17-30 kg - x15","p":9.49,"u":"0,63 €/P","img":"https://fd8-photos.leclercdrive.fr/image.ashx?id=2900169&use=l&cat=p&typeid=i","cat":290633},{"id":124910,"n":"Culotte Enuresie Mots d'enfants 8/15 ans -27/57 kg- x12","p":9.29,"u":"0,77 €/P","img":"https://fd8-photos.leclercdrive.fr/image.ashx?id=2905234&use=l&cat=p&typeid=i","cat":290633},{"id":124911,"n":"Diffuseur Insectivor Anti-Moustique - 40ml","p":4.39,"u":"109,75 €/L","img":"https://fd8-photos.leclercdrive.fr/image.ashx?id=1921904&use=l&cat=p&typeid=i","cat":298368},{"id":124912,"n":"Insecticide Insectivor Anti-acariens puce- 400ml","p":4.99,"u":"12,48 €/L","img":"https://fd8-photos.leclercdrive.fr/image.ashx?id=2805051&use=l&cat=p&typeid=i","cat":298368},{"id":124913,"n":"Insecticide Insectivor Volant/rampant - 400ml","p":3.95,"u":"9,88 €/L","img":"https://fd8-photos.leclercdrive.fr/image.ashx?id=2933322&use=l&cat=p&typeid=i","cat":298368},{"id":124921,"n":"Croquettes petit chien Ultima  Nature Sans céréales - 1,1kg","p":7.31,"u":"6,65 €/KG","img":"https://fd8-photos.leclercdrive.fr/image.ashx?id=2572745&use=l&cat=p&typeid=i","cat":294526},{"id":124926,"n":"Sacs poubelle container Elembal 120L - x10","p":3.99,"u":"0,40 €/P","img":"https://fd8-photos.leclercdrive.fr/image.ashx?id=1901891&use=l&cat=p&typeid=i","cat":285168},{"id":124927,"n":"Sacs gravats Elembal 50L - X5","p":4.24,"u":"0,02 €/L","img":"https://fd8-photos.leclercdrive.fr/image.ashx?id=2793278&use=l&cat=p&typeid=i","cat":285168},{"id":124929,"n":"Insecticide Insectivor Antivolant végétal - 400ml","p":2.71,"u":"6,78 €/L","img":"https://fd8-photos.leclercdrive.fr/image.ashx?id=2673999&use=l&cat=p&typeid=i","cat":298368},{"id":124930,"n":"Sacs poubelle Elembal Coulissants spécial tri 50L-x10","p":2.19,"u":"0,22 €/P","img":"https://fd8-photos.leclercdrive.fr/image.ashx?id=2958756&use=l&cat=p&typeid=i","cat":285168},{"id":124931,"n":"Coton maxi ovale Bio Bionaia x60","p":2.16,"u":"0,04 €/P","img":"https://fd8-photos.leclercdrive.fr/image.ashx?id=2658584&use=l&cat=p&typeid=i","cat":284636},{"id":124936,"n":"Serviettes hygiéniques Eco+ Normales Ultra minces - x14","p":0.51,"u":"0,04 €/P","img":"https://fd8-photos.leclercdrive.fr/image.ashx?id=2809686&use=l&cat=p&typeid=i","cat":284624},{"id":124941,"n":"Mimolette Isigny St Mère En tranche - 150g","p":2.45,"u":"16,33 €/KG","img":"https://fd8-photos.leclercdrive.fr/image.ashx?id=2876341&use=l&cat=p&typeid=i","cat":314028},{"id":124957,"n":"Serviettes hygiéniques Eco+ Normales - x20","p":0.7,"u":"0,04 €/P","img":"https://fd8-photos.leclercdrive.fr/image.ashx?id=2824742&use=l&cat=p&typeid=i","cat":284624},{"id":124959,"n":"Shampooing sec Nateïs Pomme - 150ml","p":2.16,"u":"14,40 €/L","img":"https://fd8-photos.leclercdrive.fr/image.ashx?id=2843602&use=l&cat=p&typeid=i","cat":289143},{"id":124962,"n":"Sacs poubelle Elembal Salle de bain 5L - x40","p":1.26,"u":"0,03 €/P","img":"https://fd8-photos.leclercdrive.fr/image.ashx?id=2793284&use=l&cat=p&typeid=i","cat":285168},{"id":125216,"n":"Cacahuètes Eco+ Grillées à sec - 150g","p":0.46,"u":"3,07 €/KG","img":"https://fd8-photos.leclercdrive.fr/image.ashx?id=2780710&use=l&cat=p&typeid=i","cat":284448},{"id":125218,"n":"Cacahuètes Eco  Grillées et salées - 250g","p":0.7,"u":"2,80 €/KG","img":"https://fd8-photos.leclercdrive.fr/image.ashx?id=2836801&use=l&cat=p&typeid=i","cat":284448},{"id":125225,"n":"Chips nature Eco+ 6x30g","p":1.23,"u":"6,83 €/KG","img":"https://fd8-photos.leclercdrive.fr/image.ashx?id=2943599&use=l&cat=p&typeid=i","cat":284447},{"id":125227,"n":"Mini cookies P'tit Déli 160g","p":1.49,"u":"9,31 €/KG","img":"https://fd8-photos.leclercdrive.fr/image.ashx?id=2932426&use=l&cat=p&typeid=i","cat":325066},{"id":125235,"n":"Tartelette framboise P'tit Déli 150g","p":1.3,"u":"8,67 €/KG","img":"https://fd8-photos.leclercdrive.fr/image.ashx?id=2683922&use=l&cat=p&typeid=i","cat":284489},{"id":125238,"n":"Cookies P'tit Déli Chocolat noisette - 200g","p":1.69,"u":"8,45 €/KG","img":"https://fd8-photos.leclercdrive.fr/image.ashx?id=1943253&use=l&cat=p&typeid=i","cat":325066},{"id":125241,"n":"Amandes Bio Village Bio - 100g","p":2.09,"u":"20,90 €/KG","img":"https://fd8-photos.leclercdrive.fr/image.ashx?id=2664596&use=l&cat=p&typeid=i","cat":284448},{"id":125246,"n":"Canistrelli de corse NRT Noisettes - 300g","p":3.65,"u":"12,17 €/KG","img":"https://fd8-photos.leclercdrive.fr/image.ashx?id=2909428&use=l&cat=p&typeid=i","cat":284487},{"id":125328,"n":"Ketchup Rustica Nature - 560g","p":1.25,"u":"2,23 €/KG","img":"https://fd8-photos.leclercdrive.fr/image.ashx?id=2870050&use=l&cat=p&typeid=i","cat":284455},{"id":125383,"n":"Comté fromage râpé Les Croisés 130g","p":1.95,"u":"15,00 €/KG","img":"https://fd8-photos.leclercdrive.fr/image.ashx?id=2897820&use=l&cat=p&typeid=i","cat":314035},{"id":125427,"n":"Croustillant Bio Bjorg 3 Noix - 450g","p":3.36,"u":"7,47 €/KG","img":"https://fd8-photos.leclercdrive.fr/image.ashx?id=2960807&use=l&cat=p&typeid=i","cat":309512},{"id":125487,"n":"Céréales muesli bio bjorg fibres blé - 375g","p":2.6,"u":"6,93 €/KG","img":"https://fd8-photos.leclercdrive.fr/image.ashx?id=2854465&use=l&cat=p&typeid=i","cat":309512},{"id":125532,"n":"Chocolat noir Lindt Création Pistache éclat d'Amandes - 150g","p":3.05,"u":"20,33 €/KG","img":"https://fd8-photos.leclercdrive.fr/image.ashx?id=2961963&use=l&cat=p&typeid=i","cat":284956},{"id":125571,"n":"Yaourt bifidus Activia muesli Chocolat noisette - 170g","p":1.99,"img":"https://fd8-photos.leclercdrive.fr/image.ashx?id=2965891&use=l&cat=p&typeid=i","cat":315000},{"id":125572,"n":"Yaourt bifidus Activia Citron - 12x125g","p":4.74,"u":"3,16 €/KG","img":"https://fd8-photos.leclercdrive.fr/image.ashx?id=2741805&use=l&cat=p&typeid=i","cat":315000},{"id":125723,"n":"Céréales fourées P'tit Déli Tout chocolat - 650g","p":2.89,"u":"4,45 €/KG","img":"https://fd8-photos.leclercdrive.fr/image.ashx?id=2878603&use=l&cat=p&typeid=i","cat":309513},{"id":125778,"n":"Infusion detox Jardin Bio Fruitée cassis bio - 20g","p":2.99,"u":"149,50 €/KG","img":"https://fd8-photos.leclercdrive.fr/image.ashx?id=2792597&use=l&cat=p&typeid=i","cat":293234},{"id":125914,"n":"Fromages frais Pat'patrouille Yoplait goûts fruits - 12x50g","p":1.77,"u":"2,95 €/KG","img":"https://fd8-photos.leclercdrive.fr/image.ashx?id=2733685&use=l&cat=p&typeid=i","cat":284414},{"id":125916,"n":"Fromages frais Pat'Patrouille Yoplait goûts fruits - 24x50g","p":3.47,"u":"2,89 €/KG","img":"https://fd8-photos.leclercdrive.fr/image.ashx?id=2733688&use=l&cat=p&typeid=i","cat":284414},{"id":125919,"n":"Boisson végétale Alpro Lait d'amande vanille - 1L","p":3.25,"u":"3,25 €/L","img":"https://fd8-photos.leclercdrive.fr/image.ashx?id=2981671&use=l&cat=p&typeid=i","cat":316067},{"id":125958,"n":"Chips Bret's Saveur vinaigre - 125g","p":0.96,"u":"7,68 €/KG","img":"https://fd8-photos.leclercdrive.fr/image.ashx?id=1925081&use=l&cat=p&typeid=i","cat":284447},{"id":125966,"n":"Chips Tyrrell's Sel et poivre - 150g","p":2.19,"u":"14,60 €/KG","img":"https://fd8-photos.leclercdrive.fr/image.ashx?id=2884777&use=l&cat=p&typeid=i","cat":284447},{"id":126139,"n":"Chips  Sel de mer Tyrell's Saveur vinaigre - 150g","p":2.19,"u":"14,60 €/KG","img":"https://fd8-photos.leclercdrive.fr/image.ashx?id=2941865&use=l&cat=p&typeid=i","cat":284447},{"id":126163,"n":"Galette St michel Au bon chocolat - 121g","p":1.24,"u":"10,25 €/KG","img":"https://fd8-photos.leclercdrive.fr/image.ashx?id=2949955&use=l&cat=p&typeid=i","cat":284487},{"id":126178,"n":"Riz long thaï Eco+ 1kg","p":1.61,"u":"1,61 €/KG","img":"https://fd8-photos.leclercdrive.fr/image.ashx?id=2799751&use=l&cat=p&typeid=i","cat":284428},{"id":126183,"n":"Biscuits Lotus Biscoff Fourré  Crème saveur speculoos - 150g","p":1.36,"u":"9,07 €/KG","img":"https://fd8-photos.leclercdrive.fr/image.ashx?id=2694968&use=l&cat=p&typeid=i","cat":284487},{"id":126186,"n":"Riz rond Eco+ 1kg","p":1.77,"u":"1,77 €/KG","img":"https://fd8-photos.leclercdrive.fr/image.ashx?id=2704594&use=l&cat=p&typeid=i","cat":284428},{"id":126187,"n":"Biscuits Lotus Biscoff Fourré Crème saveur chocolat 150g","p":1.36,"u":"9,07 €/KG","img":"https://fd8-photos.leclercdrive.fr/image.ashx?id=2859818&use=l&cat=p&typeid=i","cat":284487},{"id":126189,"n":"Biscuits Lotus Biscoff Fourré  Crème saveur vanille - 150g","p":1.36,"u":"9,07 €/KG","img":"https://fd8-photos.leclercdrive.fr/image.ashx?id=2685315&use=l&cat=p&typeid=i","cat":284487},{"id":126206,"n":"Galettes La mère poulard Grande - beurre - 135g","p":1.95,"u":"14,44 €/KG","img":"https://fd8-photos.leclercdrive.fr/image.ashx?id=2905465&use=l&cat=p&typeid=i","cat":284487},{"id":126207,"n":"Galette St Michel 520g","p":3.8,"u":"7,31 €/KG","img":"https://fd8-photos.leclercdrive.fr/image.ashx?id=2936221&use=l&cat=p&typeid=i","cat":284487},{"id":126310,"n":"Crème dépilatoire Pure Veet Corps Peaux normales 200ml","p":4.59,"u":"22,95 €/L","img":"https://fd8-photos.leclercdrive.fr/image.ashx?id=3014437&use=l&cat=p&typeid=i","cat":325351},{"id":126314,"n":"Crème dépilatoire Pure Veet Corps Peaux sensibles 200ml","p":5.19,"u":"25,95 €/L","img":"https://fd8-photos.leclercdrive.fr/image.ashx?id=2965692&use=l&cat=p&typeid=i","cat":325351},{"id":126316,"n":"Cire Chaude au Sucre Pure Veet 100% d'Origine Naturelle 250ml","p":4.69,"u":"18,76 €/L","img":"https://fd8-photos.leclercdrive.fr/image.ashx?id=2990430&use=l&cat=p&typeid=i","cat":325351},{"id":126396,"n":"Bière sans alcool Kronenbourg Pur Malt 0,4° - 12x25cl","p":4.35,"u":"1,45 €/L","img":"https://fd8-photos.leclercdrive.fr/image.ashx?id=2992756&use=l&cat=p&typeid=i","cat":334877},{"id":126421,"n":"Biscuits Figolu LU Figue - 192g","p":1.49,"u":"7,76 €/KG","img":"https://fd8-photos.leclercdrive.fr/image.ashx?id=2967950&use=l&cat=p&typeid=i","cat":284489},{"id":126424,"n":"Biscuits Sprits sablés Delacre Chocolat au lait - 200g","p":1.92,"u":"9,60 €/KG","img":"https://fd8-photos.leclercdrive.fr/image.ashx?id=2855873&use=l&cat=p&typeid=i","cat":284488},{"id":126430,"n":"Dosettes café Senseo Milka x8","p":2.95,"u":"26,34 €/KG","img":"https://fd8-photos.leclercdrive.fr/image.ashx?id=2127012&use=l&cat=p&typeid=i","cat":293238},{"id":126436,"n":"Amandes Benenuts-Plaisir Brut Non salées - 145g","p":4.35,"u":"30,00 €/KG","img":"https://fd8-photos.leclercdrive.fr/image.ashx?id=3014470&use=l&cat=p&typeid=i","cat":284448},{"id":126474,"n":"Thon entier MSC Petit Navire A l'huile d'olive - 160g","p":3.65,"u":"22,81 €/KG","img":"https://fd8-photos.leclercdrive.fr/image.ashx?id=2523897&use=l&cat=p&typeid=i","cat":303867},{"id":126477,"n":"Thon naturel MSC Petit Navire -25% sel - 112g","p":2.31,"u":"20,63 €/KG","img":"https://fd8-photos.leclercdrive.fr/image.ashx?id=2521897&use=l&cat=p&typeid=i","cat":303867},{"id":126478,"n":"Morceaux Thon PETIT NAVIRE 160g Nature Démarche Responsable","p":2.25,"u":"20,09 €/KG","img":"https://fd8-photos.leclercdrive.fr/image.ashx?id=2549453&use=l&cat=p&typeid=i","cat":303867},{"id":126480,"n":"Sauce tomates et parmesan Mutti - 400g","p":2.84,"u":"7,10 €/KG","img":"https://fd8-photos.leclercdrive.fr/image.ashx?id=2855430&use=l&cat=p&typeid=i","cat":288384},{"id":126503,"n":"Durex Gel Lubrifiant Intime  Perfect Gliss Silicone 50ml","p":9.15,"u":"183,00 €/L","img":"https://fd8-photos.leclercdrive.fr/image.ashx?id=2996497&use=l&cat=p&typeid=i","cat":285160},{"id":126519,"n":"Bloc WC Bref Color Activ+  Marine toilettes - 50g x1","p":1.61,"u":"322,00 €/KG","img":"https://fd8-photos.leclercdrive.fr/image.ashx?id=2890112&use=l&cat=p&typeid=i","cat":284662},{"id":126540,"n":"Citron jaune Eco+  Filet 500g","p":0.99,"u":"1,98 €/KG","img":"https://fd8-photos.leclercdrive.fr/image.ashx?id=2619807&use=l&cat=p&typeid=i","cat":284356},{"id":126541,"n":"Clémentines Eco+ Filet 1kg","p":1.69,"u":"1,69 €/KG","img":"https://fd8-photos.leclercdrive.fr/image.ashx?id=2607987&use=l&cat=p&typeid=i","cat":284356},{"id":126545,"n":"Pomelos Eco+ Filet x3","p":1.79,"u":"0,60 €/P","img":"https://fd8-photos.leclercdrive.fr/image.ashx?id=2680524&use=l&cat=p&typeid=i","cat":284356},{"id":126555,"n":"Noix de coco 1p","p":1.39,"img":"https://fd8-photos.leclercdrive.fr/image.ashx?id=1629549&use=l&cat=p&typeid=i","cat":284356},{"id":126562,"n":"Noix de cajou Plaisir Brut Non salées - 145g","p":3.21,"u":"24,69 €/KG","img":"https://fd8-photos.leclercdrive.fr/image.ashx?id=2622552&use=l&cat=p&typeid=i","cat":284448},{"id":126570,"n":"Soda Sprite Original  Bouteille  - 1.25L","p":1.3,"u":"1,04 €/L","img":"https://fd8-photos.leclercdrive.fr/image.ashx?id=2796989&use=l&cat=p&typeid=i","cat":284531},{"id":126571,"n":"Gaufres de Liège Lotus 315g","p":2.19,"u":"6,95 €/KG","img":"https://fd8-photos.leclercdrive.fr/image.ashx?id=2694995&use=l&cat=p&typeid=i","cat":294777},{"id":126578,"n":"Poires Eco+ Barquette 1kg","p":2.49,"u":"2,49 €/KG","img":"https://fd8-photos.leclercdrive.fr/image.ashx?id=2909374&use=l&cat=p&typeid=i","cat":284356},{"id":126579,"n":"Pommes Bicolores Eco+ Sachet 2kg","p":2.99,"u":"1,50 €/KG","img":"https://fd8-photos.leclercdrive.fr/image.ashx?id=2537872&use=l&cat=p&typeid=i","cat":284356},{"id":126583,"n":"Kiwi vert Eco+ Barquette 1kg","p":3.99,"u":"3,99 €/KG","img":"https://fd8-photos.leclercdrive.fr/image.ashx?id=2922373&use=l&cat=p&typeid=i","cat":284356},{"id":126586,"n":"Tomate cerise Eco+ Barquette 250g","p":0.99,"u":"3,96 €/KG","img":"https://fd8-photos.leclercdrive.fr/image.ashx?id=2968067&use=l&cat=p&typeid=i","cat":284352},{"id":126589,"n":"Endives Eco+ Sachet 500g","p":1.49,"u":"2,98 €/KG","img":"https://fd8-photos.leclercdrive.fr/image.ashx?id=2922917&use=l&cat=p&typeid=i","cat":284352},{"id":126590,"n":"Ail Eco+ Filet 250g","p":1.99,"u":"7,96 €/KG","img":"https://fd8-photos.leclercdrive.fr/image.ashx?id=2919586&use=l&cat=p&typeid=i","cat":284352},{"id":126591,"n":"Echalotes Eco+ Filet 500g","p":1.19,"u":"2,38 €/KG","img":"https://fd8-photos.leclercdrive.fr/image.ashx?id=2777946&use=l&cat=p&typeid=i","cat":284352},{"id":126601,"n":"Biscuits à thé Delacre Tea Time Boîte Assortiment - 300g","p":4.89,"u":"16,30 €/KG","img":"https://fd8-photos.leclercdrive.fr/image.ashx?id=2867972&use=l&cat=p&typeid=i","cat":284490},{"id":126616,"n":"Haricot vert Bonduelle Sans résidu - 750g","p":2.89,"u":"3,85 €/KG","img":"https://fd8-photos.leclercdrive.fr/image.ashx?id=2876176&use=l&cat=p&typeid=i","cat":319805},{"id":126643,"n":"Gaufres de liège Lotus Chocolat - 363g","p":3.35,"u":"9,23 €/KG","img":"https://fd8-photos.leclercdrive.fr/image.ashx?id=2859824&use=l&cat=p&typeid=i","cat":294777},{"id":126646,"n":"Gaufres de liège Lotus Chocolat au lait - 363g","p":3.39,"u":"9,34 €/KG","img":"https://fd8-photos.leclercdrive.fr/image.ashx?id=2859827&use=l&cat=p&typeid=i","cat":294777},{"id":126653,"n":"P'tit savane Brossard Duo fraise - x6 - 150g","p":2.4,"u":"16,00 €/KG","img":"https://fd8-photos.leclercdrive.fr/image.ashx?id=2881446&use=l&cat=p&typeid=i","cat":284489},{"id":126654,"n":"Fromage de Chèvre Saint Loup  Bûche Affinée - 180g","p":2.55,"u":"14,17 €/KG","img":"https://fd8-photos.leclercdrive.fr/image.ashx?id=2763322&use=l&cat=p&typeid=i","cat":314031},{"id":126655,"n":"Rillettes de thon aux olives  Ronde des Mers - 125g","p":1.68,"u":"13,44 €/KG","img":"https://fd8-photos.leclercdrive.fr/image.ashx?id=2436705&use=l&cat=p&typeid=i","cat":303867},{"id":126659,"n":"Fromage fondu Eco+ 24 portions - 400g","p":2.45,"u":"6,13 €/KG","img":"https://fd8-photos.leclercdrive.fr/image.ashx?id=2415746&use=l&cat=p&typeid=i","cat":314030},{"id":126765,"n":"Mascara Maybelline New York Big Shot Daring Black nu - x1","p":9.7,"img":"https://fd8-photos.leclercdrive.fr/image.ashx?id=2344165&use=l&cat=p&typeid=i","cat":287029},{"id":126815,"n":"Sauté de poulet Le Gaulois Non OGM - 500g","p":6.93,"u":"13,86 €/KG","img":"https://fd8-photos.leclercdrive.fr/image.ashx?id=2317047&use=l&cat=p&typeid=i","cat":284336},{"id":126816,"n":"Escalope de poulet Le Gaulois 240g","p":4.48,"u":"18,67 €/KG","img":"https://fd8-photos.leclercdrive.fr/image.ashx?id=2304713&use=l&cat=p&typeid=i","cat":284336},{"id":126817,"n":"Filet de poulet extra tendre Le Gaulois - 300g","p":5.49,"u":"18,30 €/KG","img":"https://fd8-photos.leclercdrive.fr/image.ashx?id=2304707&use=l&cat=p&typeid=i","cat":284336},{"id":126839,"n":"Assiette Creuse Micro-Ondes Winnie - 1pièce","p":7.9,"img":"https://fd8-photos.leclercdrive.fr/image.ashx?id=2056347&use=l&cat=p&typeid=i","cat":289435},{"id":126847,"n":"Batonnets Smicy Vanille fraise - x12 - 456g","p":3.65,"u":"8,00 €/KG","img":"https://fd8-photos.leclercdrive.fr/image.ashx?id=2902555&use=l&cat=p&typeid=i","cat":284265},{"id":126848,"n":"Batonnets Smicy Vanille - x12 - 456g","p":4.02,"u":"8,82 €/KG","img":"https://fd8-photos.leclercdrive.fr/image.ashx?id=2902552&use=l&cat=p&typeid=i","cat":284265},{"id":126849,"n":"Batonnets Smicy Vanille chocolat - x12 - 456g","p":3.53,"u":"7,74 €/KG","img":"https://fd8-photos.leclercdrive.fr/image.ashx?id=2902558&use=l&cat=p&typeid=i","cat":284265},{"id":126907,"n":"Pesto verde Garofalo 175g","p":2.74,"u":"15,66 €/KG","img":"https://fd8-photos.leclercdrive.fr/image.ashx?id=2884651&use=l&cat=p&typeid=i","cat":287599},{"id":126914,"n":"Lorina limonade artisanale 6x20cl","p":5.15,"u":"4,29 €/L","img":"https://fd8-photos.leclercdrive.fr/image.ashx?id=2735140&use=l&cat=p&typeid=i","cat":284531},{"id":126918,"n":"Kaki 1p","p":0.99,"img":"https://fd8-photos.leclercdrive.fr/image.ashx?id=1628367&use=l&cat=p&typeid=i","cat":284356},{"id":126961,"n":"Kiwi jaune 1p","p":0.99,"img":"https://fd8-photos.leclercdrive.fr/image.ashx?id=1633952&use=l&cat=p&typeid=i","cat":284356},{"id":126966,"n":"Melon vert 1p","p":2.99,"img":"https://fd8-photos.leclercdrive.fr/image.ashx?id=1636374&use=l&cat=p&typeid=i","cat":284356},{"id":126970,"n":"Bière sans alcool Tourtel Twist Framboise - 0.0% - 12x27,5cl","p":7.95,"u":"2,41 €/L","img":"https://fd8-photos.leclercdrive.fr/image.ashx?id=2962071&use=l&cat=p&typeid=i","cat":334877},{"id":126974,"n":"Café moulu bio Bio Village Mexique - 250g","p":4.95,"u":"19,80 €/KG","img":"https://fd8-photos.leclercdrive.fr/image.ashx?id=2468882&use=l&cat=p&typeid=i","cat":284750},{"id":126978,"n":"Artichaut blanc 1p","p":2.49,"img":"https://fd8-photos.leclercdrive.fr/image.ashx?id=1681565&use=l&cat=p&typeid=i","cat":284352},{"id":126984,"n":"Concombre 1p","p":2.29,"img":"https://fd8-photos.leclercdrive.fr/image.ashx?id=1631895&use=l&cat=p&typeid=i","cat":284352},{"id":126985,"n":"Concombre Noa 1p","p":1.08,"img":"https://fd8-photos.leclercdrive.fr/image.ashx?id=2115890&use=l&cat=p&typeid=i","cat":284352},{"id":126990,"n":"Carottes Eco+ Sachet de 2kg","p":1.89,"u":"0,95 €/KG","img":"https://fd8-photos.leclercdrive.fr/image.ashx?id=2922376&use=l&cat=p&typeid=i","cat":284352},{"id":126993,"n":"Céleri  1 branche","p":1.59,"img":"https://fd8-photos.leclercdrive.fr/image.ashx?id=1631818&use=l&cat=p&typeid=i","cat":284352},{"id":126994,"n":"Céleri rave 1p","p":1.64,"img":"https://fd8-photos.leclercdrive.fr/image.ashx?id=1631904&use=l&cat=p&typeid=i","cat":284352},{"id":127017,"n":"Butternut 1p","p":1.99,"img":"https://fd8-photos.leclercdrive.fr/image.ashx?id=1631577&use=l&cat=p&typeid=i","cat":284352},{"id":127019,"n":"Potimarron 1p","p":2.11,"img":"https://fd8-photos.leclercdrive.fr/image.ashx?id=1633196&use=l&cat=p&typeid=i","cat":284352},{"id":127021,"n":"Chou blanc 1p","p":1.89,"img":"https://fd8-photos.leclercdrive.fr/image.ashx?id=560849&use=l&cat=p&typeid=i","cat":284352},{"id":127323,"n":"Shampoing nourrissant Fructis Hair Food banane - 350ml","p":3.48,"u":"9,94 €/L","img":"https://fd8-photos.leclercdrive.fr/image.ashx?id=2830597&use=l&cat=p&typeid=i","cat":284606},{"id":127327,"n":"Saucissons natures Galibier Mini bûchettes - 120g","p":4.19,"u":"34,92 €/KG","img":"https://fd8-photos.leclercdrive.fr/image.ashx?id=2902028&use=l&cat=p&typeid=i","cat":316006},{"id":127329,"n":"Saucisson au Comté Galibier Mini bûchettes - 120g","p":4.29,"u":"35,75 €/KG","img":"https://fd8-photos.leclercdrive.fr/image.ashx?id=2902031&use=l&cat=p&typeid=i","cat":316006},{"id":127430,"n":"Céréales fourrées P'tit Déli Chocolat au lait - 450g","p":2.58,"u":"5,73 €/KG","img":"https://fd8-photos.leclercdrive.fr/image.ashx?id=2824713&use=l&cat=p&typeid=i","cat":309513},{"id":127475,"n":"Lait bébé en poudre Blédilait croissance 1-3 ans 900g","p":10.43,"u":"11,59 €/KG","img":"https://fd8-photos.leclercdrive.fr/image.ashx?id=2848587&use=l&cat=p&typeid=i","cat":290219},{"id":127476,"n":"Piperade basquaise NRT 600g","p":3.7,"u":"6,17 €/KG","img":"https://fd8-photos.leclercdrive.fr/image.ashx?id=2771420&use=l&cat=p&typeid=i","cat":284441},{"id":127537,"n":"Nettoyant l'Arbre Vert spray vitre -740ml","p":1.99,"u":"2,69 €/L","img":"https://fd8-photos.leclercdrive.fr/image.ashx?id=2812867&use=l&cat=p&typeid=i","cat":325363},{"id":127552,"n":"Tofu fumé Céréal Bio Bio - 200g","p":2.24,"u":"11,20 €/KG","img":"https://fd8-photos.leclercdrive.fr/image.ashx?id=2890097&use=l&cat=p&typeid=i","cat":316036},{"id":127556,"n":"Litière chats Tranquille Cristale charbon actif - 4L","p":6.26,"u":"1,57 €/L","img":"https://fd8-photos.leclercdrive.fr/image.ashx?id=2421874&use=l&cat=p&typeid=i","cat":284683},{"id":127597,"n":"Post it® Super Sticky 76x76mm - 90 feuilles x6","p":9.49,"img":"https://fd8-photos.leclercdrive.fr/image.ashx?id=1917335&use=l&cat=p&typeid=i","cat":334133},{"id":127603,"n":"Papier millimétré A4 Canson 16 feuilles millimétré bistre","p":2.1,"img":"https://fd8-photos.leclercdrive.fr/image.ashx?id=2438363&use=l&cat=p&typeid=i","cat":284697},{"id":127685,"n":"Cartouches d'encre Waterman longues - bleu - x8","p":1.65,"u":"0,21 €/P","img":"https://fd8-photos.leclercdrive.fr/image.ashx?id=2412819&use=l&cat=p&typeid=i","cat":284696},{"id":127713,"n":"Pochettes bulles Esquisse 25X35cm - X5","p":1.49,"img":"https://fd8-photos.leclercdrive.fr/image.ashx?id=1929783&use=l&cat=p&typeid=i","cat":284697},{"id":127717,"n":"Notes adhésives Esquisse neon 75x75  - 2x100","p":1.25,"img":"https://fd8-photos.leclercdrive.fr/image.ashx?id=1929789&use=l&cat=p&typeid=i","cat":334133},{"id":128297,"n":"Surligneurs Grip Pastel Bic x4","p":2.85,"img":"https://fd8-photos.leclercdrive.fr/image.ashx?id=2780190&use=l&cat=p&typeid=i","cat":284696},{"id":128322,"n":"Cartouches d'encre courtes Bleu - x60","p":3.1,"img":"https://fd8-photos.leclercdrive.fr/image.ashx?id=1917578&use=l&cat=p&typeid=i","cat":284696},{"id":128329,"n":"Surligneurs Stabilo Boss Original - x8","p":6.85,"u":"0,86 €/P","img":"https://fd8-photos.leclercdrive.fr/image.ashx?id=2689634&use=l&cat=p&typeid=i","cat":284696},{"id":128331,"n":"Surligneurs Stabilo Swing Cool Couleurs fluo assorties - x4","p":5.39,"img":"https://fd8-photos.leclercdrive.fr/image.ashx?id=2525276&use=l&cat=p&typeid=i","cat":284696},{"id":128887,"n":"Soda Coca-Cola Verre - 6x250ml","p":5.89,"u":"3,93 €/L","img":"https://fd8-photos.leclercdrive.fr/image.ashx?id=2444465&use=l&cat=p&typeid=i","cat":284530},{"id":128976,"n":"Sucre poudre Daddy 750g","p":1.99,"u":"2,65 €/KG","img":"https://fd8-photos.leclercdrive.fr/image.ashx?id=2944699&use=l&cat=p&typeid=i","cat":284502},{"id":129003,"n":"Lait infantile 1er âge Babybio  Optima 1 Bio - 800g","p":19.79,"u":"24,74 €/KG","img":"https://fd8-photos.leclercdrive.fr/image.ashx?id=2988433&use=l&cat=p&typeid=i","cat":284726},{"id":129009,"n":"Lait de croissance Babybio Bio En poudre caprea 3 - 800g","p":27.39,"u":"34,24 €/KG","img":"https://fd8-photos.leclercdrive.fr/image.ashx?id=2733343&use=l&cat=p&typeid=i","cat":290219},{"id":129038,"n":"Lait nature Croissance Eveil Bio - 6x1L","p":12.99,"u":"2,17 €/L","img":"https://fd8-photos.leclercdrive.fr/image.ashx?id=1915623&use=l&cat=p&typeid=i","cat":284728},{"id":129047,"n":"Crok fondant chocolat noisette  bio Terres et Céréales - 375g","p":4.39,"u":"11,71 €/KG","img":"https://fd8-photos.leclercdrive.fr/image.ashx?id=2672293&use=l&cat=p&typeid=i","cat":309513},{"id":129067,"n":"Lait caprea 1er âge Babybio Bio 800g","p":20.65,"u":"25,81 €/KG","img":"https://fd8-photos.leclercdrive.fr/image.ashx?id=2733337&use=l&cat=p&typeid=i","cat":284726},{"id":129091,"n":"Compotes Pom'Potes Gourdes BIO  Pomme Pêche Brugnon - 4x90g","p":2.12,"u":"5,89 €/KG","img":"https://fd8-photos.leclercdrive.fr/image.ashx?id=2986140&use=l&cat=p&typeid=i","cat":284508},{"id":129121,"n":"Donuts Daim 2x72g","p":2.99,"u":"20,76 €/KG","img":"https://fd8-photos.leclercdrive.fr/image.ashx?id=1917108&use=l&cat=p&typeid=i","cat":284984},{"id":129123,"n":"Gel Lubrifiant Perfect Gliss Durex Longue Durée 100ml","p":10.99,"u":"109,90 €/L","img":"https://fd8-photos.leclercdrive.fr/image.ashx?id=2960693&use=l&cat=p&typeid=i","cat":285160},{"id":129162,"n":"Boisson énergisante Monster Mango Loco - 50cl","p":1.69,"u":"3,38 €/L","img":"https://fd8-photos.leclercdrive.fr/image.ashx?id=2433443&use=l&cat=p&typeid=i","cat":284533},{"id":129180,"n":"Thé saveur Twinings Vanille miel - x20 - 30g","p":2.76,"u":"92,00 €/KG","img":"https://fd8-photos.leclercdrive.fr/image.ashx?id=2922119&use=l&cat=p&typeid=i","cat":293233},{"id":129235,"n":"Soda Coca-Cola sans sucres Bouteille - 6x1.75L","p":10.18,"u":"0,97 €/L","img":"https://fd8-photos.leclercdrive.fr/image.ashx?id=2878330&use=l&cat=p&typeid=i","cat":284530},{"id":129280,"n":"Sel équilibre Cérébos Réduit en Sodium - 350g","p":1.96,"u":"5,60 €/KG","img":"https://fd8-photos.leclercdrive.fr/image.ashx?id=2520132&use=l&cat=p&typeid=i","cat":284457},{"id":129306,"n":"Fleurs de Capre Florelli 270g","p":2.37,"u":"8,78 €/KG","img":"https://fd8-photos.leclercdrive.fr/image.ashx?id=2603450&use=l&cat=p&typeid=i","cat":289010},{"id":129325,"n":"Coupe La Basquaise  Chocolat x6 - 105g","p":3.85,"u":"36,67 €/KG","img":"https://fd8-photos.leclercdrive.fr/image.ashx?id=2644025&use=l&cat=p&typeid=i","cat":284487},{"id":129365,"n":"Tartelice framboise Lotus x6 - 345g","p":3.35,"u":"9,71 €/KG","img":"https://fd8-photos.leclercdrive.fr/image.ashx?id=2491775&use=l&cat=p&typeid=i","cat":284489},{"id":129394,"n":"Tablette Chocolat Noir Nestlé L'Atelier Cranberries 170g","p":3.14,"u":"18,47 €/KG","img":"https://fd8-photos.leclercdrive.fr/image.ashx?id=2663054&use=l&cat=p&typeid=i","cat":284956},{"id":129395,"n":"Tablette Chocolat Lait Nestlé  L'Atelier Cranberries 170g","p":3.89,"u":"22,88 €/KG","img":"https://fd8-photos.leclercdrive.fr/image.ashx?id=2663051&use=l&cat=p&typeid=i","cat":284497},{"id":129396,"n":"Tablette Chocolat Lait Nestlé  L'atelier Raisins Amandes 170g","p":3.85,"u":"22,65 €/KG","img":"https://fd8-photos.leclercdrive.fr/image.ashx?id=2663048&use=l&cat=p&typeid=i","cat":284497},{"id":129397,"n":"Tablette Chocolat Noir Nestlé L'Atelier Raisins Amandes 170g","p":3.85,"u":"22,65 €/KG","img":"https://fd8-photos.leclercdrive.fr/image.ashx?id=2662147&use=l&cat=p&typeid=i","cat":284956},{"id":129398,"n":"Tablette Chocolat Lait Nestlé  L'Atelier Noisettes 170g","p":3.13,"u":"18,41 €/KG","img":"https://fd8-photos.leclercdrive.fr/image.ashx?id=2663060&use=l&cat=p&typeid=i","cat":284497},{"id":129399,"n":"Tablette Chocolat Noir Nestlé L'Atelier Noisettes 170g","p":3.85,"u":"22,65 €/KG","img":"https://fd8-photos.leclercdrive.fr/image.ashx?id=2663063&use=l&cat=p&typeid=i","cat":284956},{"id":129451,"n":"Thon miettes Petit Navire Tomate Herbes de Provence 160g","p":1.97,"u":"12,31 €/KG","img":"https://fd8-photos.leclercdrive.fr/image.ashx?id=2523909&use=l&cat=p&typeid=i","cat":303867},{"id":129472,"n":"Crème dessert Danette Vanille - 8x125g","p":2.96,"u":"2,96 €/KG","img":"https://fd8-photos.leclercdrive.fr/image.ashx?id=2949838&use=l&cat=p&typeid=i","cat":285041},{"id":129541,"n":"Sardines Connetable Huile d'olive - 3x135g","p":7.44,"u":"18,37 €/KG","img":"https://fd8-photos.leclercdrive.fr/image.ashx?id=2170499&use=l&cat=p&typeid=i","cat":305146},{"id":129544,"n":"Sardines Connetable Piment de Cayenne - 3x135g","p":7.27,"u":"17,95 €/KG","img":"https://fd8-photos.leclercdrive.fr/image.ashx?id=2983724&use=l&cat=p&typeid=i","cat":305146},{"id":129545,"n":"Sardines Connetable huile olive échalote - 3x135g","p":7.26,"u":"17,93 €/KG","img":"https://fd8-photos.leclercdrive.fr/image.ashx?id=2170508&use=l&cat=p&typeid=i","cat":305146},{"id":129560,"n":"Filets cabillaud MSC 800g","p":11.98,"u":"14,98 €/KG","img":"https://fd8-photos.leclercdrive.fr/image.ashx?id=1983986&use=l&cat=p&typeid=i","cat":319786},{"id":129630,"n":"Bâtonnets Trium Menthe - x4 - 290g","p":2.81,"u":"9,69 €/KG","img":"https://fd8-photos.leclercdrive.fr/image.ashx?id=2920794&use=l&cat=p&typeid=i","cat":284265},{"id":129752,"n":"AOP Corse vin rosé Domaine Poli Médaillé - 75cl","p":6.47,"u":"8,63 €/L","img":"https://fd8-photos.leclercdrive.fr/image.ashx?id=1934931&use=l&cat=p&typeid=i","cat":289558},{"id":129809,"n":"Bonbons Carambar Sucettes Caramel - 156g","p":1.68,"u":"10,77 €/KG","img":"https://fd8-photos.leclercdrive.fr/image.ashx?id=2580804&use=l&cat=p&typeid=i","cat":304252},{"id":129810,"n":"Bière blonde Affligem Sans alcool - 12x25cl","p":8.78,"u":"2,93 €/L","img":"https://fd8-photos.leclercdrive.fr/image.ashx?id=2672026&use=l&cat=p&typeid=i","cat":334877},{"id":129864,"n":"Crème glacée Ben and Jerry's  Half Baked - 406g","p":3.87,"u":"9,53 €/KG","img":"https://fd8-photos.leclercdrive.fr/image.ashx?id=3011941&use=l&cat=p&typeid=i","cat":284725},{"id":129933,"n":"Beignets Pasquier Pomme x6 - 270g","p":2.39,"u":"8,85 €/KG","img":"https://fd8-photos.leclercdrive.fr/image.ashx?id=2986371&use=l&cat=p&typeid=i","cat":284495},{"id":129934,"n":"Beignets Pasquier Chocolat noisette - x6 - 270g","p":2.39,"u":"8,85 €/KG","img":"https://fd8-photos.leclercdrive.fr/image.ashx?id=2986374&use=l&cat=p&typeid=i","cat":284495},{"id":129935,"n":"Beignets Pasquier Framboise x6 - 270g","p":2.25,"u":"8,33 €/KG","img":"https://fd8-photos.leclercdrive.fr/image.ashx?id=2986377&use=l&cat=p&typeid=i","cat":284495},{"id":129956,"n":"IGP Pays d'Oc rosé Grenache Gris de Gris 12% vol - 75cl","p":3.43,"u":"4,57 €/L","img":"https://fd8-photos.leclercdrive.fr/image.ashx?id=2986233&use=l&cat=p&typeid=i","cat":289558},{"id":129957,"n":"AOP Côtes du Rhône rouge Combes de Saint Sauveur - BIB 3L","p":14.35,"u":"4,78 €/L","img":"https://fd8-photos.leclercdrive.fr/image.ashx?id=2985033&use=l&cat=p&typeid=i","cat":289560},{"id":129958,"n":"IGP Méditerrannée rosé Saint Sagnol 13% vol - 3L","p":10.48,"u":"3,49 €/L","img":"https://fd8-photos.leclercdrive.fr/image.ashx?id=2445106&use=l&cat=p&typeid=i","cat":289558},{"id":130029,"n":"Jus pur premium Tropicana Ananas citron vert - 90cl","p":2.37,"u":"2,63 €/L","img":"https://fd8-photos.leclercdrive.fr/image.ashx?id=2533532&use=l&cat=p&typeid=i","cat":285435},{"id":130134,"n":"Whisky Glen Grant Arboralis 40%vol - 70cl","p":27.95,"u":"39,93 €/L","img":"https://fd8-photos.leclercdrive.fr/image.ashx?id=1935129&use=l&cat=p&typeid=i","cat":284547},{"id":130284,"n":"Grissini artigianali Florelli Romarin - 300g","p":1.47,"u":"4,90 €/KG","img":"https://fd8-photos.leclercdrive.fr/image.ashx?id=2475855&use=l&cat=p&typeid=i","cat":297000},{"id":130285,"n":"Grissini artigianali Florelli Olives noires - 300g","p":1.47,"u":"4,90 €/KG","img":"https://fd8-photos.leclercdrive.fr/image.ashx?id=2475861&use=l&cat=p&typeid=i","cat":297000},{"id":130319,"n":"Mini pots Häagen-Dazs  Fruit Collection x4 - 326g","p":5.15,"u":"15,80 €/KG","img":"https://fd8-photos.leclercdrive.fr/image.ashx?id=3000159&use=l&cat=p&typeid=i","cat":284725},{"id":130334,"n":"Lessive liquide bébé Epsil 25 lavages - 1.25L","p":3.88,"u":"3,10 €/L","img":"https://fd8-photos.leclercdrive.fr/image.ashx?id=2838939&use=l&cat=p&typeid=i","cat":284640},{"id":130339,"n":"Eau gazeuse San pellegrino Citron framboise - 6x33cl","p":3.73,"u":"1,88 €/L","img":"https://fd8-photos.leclercdrive.fr/image.ashx?id=2903800&use=l&cat=p&typeid=i","cat":284536},{"id":130340,"n":"Eau gazeuse San pellegrino Grenade cassis - 6x33cl","p":4.05,"u":"2,05 €/L","img":"https://fd8-photos.leclercdrive.fr/image.ashx?id=2997289&use=l&cat=p&typeid=i","cat":284536},{"id":130347,"n":"Bâtonnets Trium Caramel Beurre Salé x4 - 288g","p":2.93,"u":"10,17 €/KG","img":"https://fd8-photos.leclercdrive.fr/image.ashx?id=2920788&use=l&cat=p&typeid=i","cat":284265},{"id":130348,"n":"Bâtonnets Trium chocolat au  Lait biscuit cacaoté x4- 290g","p":2.99,"u":"10,31 €/KG","img":"https://fd8-photos.leclercdrive.fr/image.ashx?id=2791341&use=l&cat=p&typeid=i","cat":284265},{"id":130354,"n":"Bac Sorbet Fraise Bio Village Bio - 585g","p":4.3,"u":"7,35 €/KG","img":"https://fd8-photos.leclercdrive.fr/image.ashx?id=2161103&use=l&cat=p&typeid=i","cat":284263},{"id":130461,"n":"Bière blonde sans alcool 1664 0,0° - 6x25cl","p":3.25,"u":"2,17 €/L","img":"https://fd8-photos.leclercdrive.fr/image.ashx?id=2120656&use=l&cat=p&typeid=i","cat":334877},{"id":130613,"n":"Agrafeuse Maped Argent 24/6 400 agraphes","p":4.85,"img":"https://fd8-photos.leclercdrive.fr/image.ashx?id=1938234&use=l&cat=p&typeid=i","cat":334133},{"id":130621,"n":"Agrafeuse Maped Taupe 24/6 400 agraphes","p":4.85,"img":"https://fd8-photos.leclercdrive.fr/image.ashx?id=1875164&use=l&cat=p&typeid=i","cat":334133},{"id":130666,"n":"Blanc de poulet Fleury Michon -25% de sel x8 - 240g","p":3.59,"u":"14,96 €/KG","img":"https://fd8-photos.leclercdrive.fr/image.ashx?id=2886849&use=l&cat=p&typeid=i","cat":316010},{"id":130702,"n":"Led filament Foxter 4-40W E14 Claire - 1 pièce","p":3.99,"u":"Dont 0,12 € d'éco-part.","img":"https://fd8-photos.leclercdrive.fr/image.ashx?id=2162504&use=l&cat=p&typeid=i","cat":300573},{"id":130744,"n":"Nouilles aux oeufs Suzi Wan 250g","p":1.73,"u":"6,92 €/KG","img":"https://fd8-photos.leclercdrive.fr/image.ashx?id=2892928&use=l&cat=p&typeid=i","cat":288992},{"id":130747,"n":"Kit Tortilla Pocket Old El Paso doux - 375g","p":4.74,"u":"12,64 €/KG","img":"https://fd8-photos.leclercdrive.fr/image.ashx?id=2759514&use=l&cat=p&typeid=i","cat":288993},{"id":130750,"n":"Boite ménagère basilic Ducros 29g","p":0.84,"u":"28,97 €/KG","img":"https://fd8-photos.leclercdrive.fr/image.ashx?id=2486587&use=l&cat=p&typeid=i","cat":298297},{"id":130752,"n":"Maquereau Petit Navire 175g Vin blanc et aromates - 175g","p":2.29,"u":"13,09 €/KG","img":"https://fd8-photos.leclercdrive.fr/image.ashx?id=2989063&use=l&cat=p&typeid=i","cat":303868},{"id":130755,"n":"Maquereau Moutarde PETIT NAVIRE Moutarde sans arome ajouté 169g","p":2.25,"u":"13,31 €/KG","img":"https://fd8-photos.leclercdrive.fr/image.ashx?id=2989060&use=l&cat=p&typeid=i","cat":303868},{"id":130759,"n":"Barres Nakd Cacahuètes Raw   Barres de Fruits & Noix 4x35g","p":2.86,"u":"20,43 €/KG","img":"https://fd8-photos.leclercdrive.fr/image.ashx?id=3005251&use=l&cat=p&typeid=i","cat":285869},{"id":130776,"n":"Confiture  Bonne Maman Fraise framboise intenses 335g","p":1.84,"u":"5,49 €/KG","img":"https://fd8-photos.leclercdrive.fr/image.ashx?id=2396378&use=l&cat=p&typeid=i","cat":284480},{"id":130789,"n":"Préparation Gâteau alsa Moelleux Nature - 435g","p":2.19,"u":"5,03 €/KG","img":"https://fd8-photos.leclercdrive.fr/image.ashx?id=2996431&use=l&cat=p&typeid=i","cat":284505},{"id":130790,"n":"Préparation Gâteau alsa Moelleux Chocolat - 435g","p":2.19,"u":"5,03 €/KG","img":"https://fd8-photos.leclercdrive.fr/image.ashx?id=2996434&use=l&cat=p&typeid=i","cat":284505},{"id":130804,"n":"Préparation Gâteau alsa Fondant au Chocolat - 435g","p":2.49,"u":"7,78 €/KG","img":"https://fd8-photos.leclercdrive.fr/image.ashx?id=2996437&use=l&cat=p&typeid=i","cat":284505},{"id":130805,"n":"Nappage Sainte Lucie Chocolat - 200g","p":3.29,"u":"16,45 €/KG","img":"https://fd8-photos.leclercdrive.fr/image.ashx?id=2776121&use=l&cat=p&typeid=i","cat":284504},{"id":130811,"n":"Brosse à Dents Signal Système Blancheur Medium x1","p":3.05,"img":"https://fd8-photos.leclercdrive.fr/image.ashx?id=2832539&use=l&cat=p&typeid=i","cat":284614},{"id":130812,"n":"Brosse à Dents Signal Ultra Access Medium x1","p":2.1,"img":"https://fd8-photos.leclercdrive.fr/image.ashx?id=3009263&use=l&cat=p&typeid=i","cat":284614},{"id":130816,"n":"Dentifrice Zendium Protection complète - 75ml","p":2.34,"img":"https://fd8-photos.leclercdrive.fr/image.ashx?id=2927711&use=l&cat=p&typeid=i","cat":284612},{"id":130820,"n":"Spray habitat bio So Bio Etic Purifiant assainissant - 200ml","p":11.99,"u":"59,95 €/L","img":"https://fd8-photos.leclercdrive.fr/image.ashx?id=2799922&use=l&cat=p&typeid=i","cat":311626},{"id":130834,"n":"Smoothie innocent énergie tropical 750ml","p":2.84,"u":"3,79 €/L","img":"https://fd8-photos.leclercdrive.fr/image.ashx?id=2181383&use=l&cat=p&typeid=i","cat":285435},{"id":130838,"n":"Jus innocent orange sanguine grenade 900ml","p":3.25,"u":"3,61 €/L","img":"https://fd8-photos.leclercdrive.fr/image.ashx?id=2891247&use=l&cat=p&typeid=i","cat":285435},{"id":130881,"n":"Bâtonnets Côte d'Or Vanille x4 - 260g","p":4.13,"u":"15,88 €/KG","img":"https://fd8-photos.leclercdrive.fr/image.ashx?id=2844573&use=l&cat=p&typeid=i","cat":284265},{"id":130883,"n":"Mini bâtonnets Côte d'Or x6 Assortiment vanille & chocolat","p":2.83,"u":"13,29 €/KG","img":"https://fd8-photos.leclercdrive.fr/image.ashx?id=2348767&use=l&cat=p&typeid=i","cat":284265},{"id":130917,"n":"Lait en poudre Guigoz 1er âge - 0-6 mois - 800g","p":18.69,"u":"23,36 €/KG","img":"https://fd8-photos.leclercdrive.fr/image.ashx?id=2891313&use=l&cat=p&typeid=i","cat":284726},{"id":130918,"n":"Lait bébé poudre Guigoz Evolia  2ème âge - 6-12 mois - 800g","p":14.88,"u":"18,60 €/KG","img":"https://fd8-photos.leclercdrive.fr/image.ashx?id=2737111&use=l&cat=p&typeid=i","cat":284727},{"id":130919,"n":"Cereales Bio nuit Modilac 4mois 250g","p":3.69,"u":"14,76 €/KG","img":"https://fd8-photos.leclercdrive.fr/image.ashx?id=2766006&use=l&cat=p&typeid=i","cat":312225},{"id":131011,"n":"Glenmorangie Lasanta 12ans Whisky Ecossais 43° - 70cl","p":32.85,"u":"46,93 €/L","img":"https://fd8-photos.leclercdrive.fr/image.ashx?id=2393332&use=l&cat=p&typeid=i","cat":284547},{"id":131015,"n":"Compotes Materne Coupelles Pomme - 4x100g","p":1.37,"u":"3,43 €/KG","img":"https://fd8-photos.leclercdrive.fr/image.ashx?id=3010855&use=l&cat=p&typeid=i","cat":284508},{"id":131043,"n":"Classeur carte Les Minions Surf - A4 - 4 anneaux","p":5.47,"img":"https://fd8-photos.leclercdrive.fr/image.ashx?id=1938261&use=l&cat=p&typeid=i","cat":284745},{"id":131057,"n":"Chemise carte Les Minions Surf - 3 rabats 24x32cm","p":3.25,"img":"https://fd8-photos.leclercdrive.fr/image.ashx?id=1938297&use=l&cat=p&typeid=i","cat":284745},{"id":131153,"n":"Serviettes 40cm 3 plis Ardence Grises - x20","p":1.38,"u":"0,07 €/P","img":"https://fd8-photos.leclercdrive.fr/image.ashx?id=1937803&use=l&cat=p&typeid=i","cat":334134},{"id":131371,"n":"Tablette chocolat Nestlé Lait muesli - 170g","p":4.1,"u":"24,12 €/KG","img":"https://fd8-photos.leclercdrive.fr/image.ashx?id=2663069&use=l&cat=p&typeid=i","cat":284497},{"id":131382,"n":"Lait croissance GUIGOZ RELAIS  dès 12 mois - 800g","p":14.11,"u":"17,64 €/KG","img":"https://fd8-photos.leclercdrive.fr/image.ashx?id=2895029&use=l&cat=p&typeid=i","cat":290219},{"id":131388,"n":"Capsules Starbucks by Nespresso  Colombia Int 7 - x10","p":3.47,"u":"60,88 €/KG","img":"https://fd8-photos.leclercdrive.fr/image.ashx?id=2868152&use=l&cat=p&typeid=i","cat":284749},{"id":131390,"n":"Capsules Starbucks by Nespresso  House Blend Int 8 - x10","p":3.42,"u":"60,00 €/KG","img":"https://fd8-photos.leclercdrive.fr/image.ashx?id=2868143&use=l&cat=p&typeid=i","cat":284749},{"id":131397,"n":"Capsules Starbucks by Nespresso  Sumatra Int 10 - x10","p":3.16,"u":"0,32 €/P","img":"https://fd8-photos.leclercdrive.fr/image.ashx?id=2945772&use=l&cat=p&typeid=i","cat":284749},{"id":131399,"n":"Café Capsules NESPRESSO int 7 Starbucks Pike Place Roast x10","p":3.16,"u":"59,62 €/KG","img":"https://fd8-photos.leclercdrive.fr/image.ashx?id=2945775&use=l&cat=p&typeid=i","cat":284749},{"id":131424,"n":"Capsules Starbucks by Nespresso  Blonde Espresso Int 6 - x10","p":3.43,"u":"64,72 €/KG","img":"https://fd8-photos.leclercdrive.fr/image.ashx?id=2868146&use=l&cat=p&typeid=i","cat":284749},{"id":131426,"n":"Capsules Starbucks by Nespresso  Espresso Roast Int 11 - x10","p":3.44,"u":"60,35 €/KG","img":"https://fd8-photos.leclercdrive.fr/image.ashx?id=2868149&use=l&cat=p&typeid=i","cat":284749},{"id":131428,"n":"Capsules Starbucks by Nespresso  Verona Int 10 - x10","p":3.16,"u":"55,44 €/KG","img":"https://fd8-photos.leclercdrive.fr/image.ashx?id=2945769&use=l&cat=p&typeid=i","cat":284749},{"id":131431,"n":"Café Capsules by DOLCE GUSTO Starbucks Caramel Macchiato 2x6","p":4.39,"u":"34,57 €/KG","img":"https://fd8-photos.leclercdrive.fr/image.ashx?id=2966785&use=l&cat=p&typeid=i","cat":293239},{"id":131620,"n":"Vinaigre d'alcool blanc citron 100cl","p":1.35,"u":"1,35 €/L","img":"https://fd8-photos.leclercdrive.fr/image.ashx?id=2813938&use=l&cat=p&typeid=i","cat":325365},{"id":131625,"n":"Thé glacé Fuze Tea  Menthe Citron vert - 1,25L","p":1.71,"u":"1,37 €/L","img":"https://fd8-photos.leclercdrive.fr/image.ashx?id=2940402&use=l&cat=p&typeid=i","cat":295019},{"id":131767,"n":"Bonbons sans sucres Ricola Orange Menthe - 50g","p":1.65,"u":"33,00 €/KG","img":"https://fd8-photos.leclercdrive.fr/image.ashx?id=2382219&use=l&cat=p&typeid=i","cat":304256},{"id":131784,"n":"Barres céréales Eco+ Choco/banane - 125g","p":0.71,"u":"5,68 €/KG","img":"https://fd8-photos.leclercdrive.fr/image.ashx?id=2791203&use=l&cat=p&typeid=i","cat":285869},{"id":131786,"n":"Café Dolce Gusto Plantation Décaféiné N°5 - x16 - 106g","p":3.39,"u":"31,98 €/KG","img":"https://fd8-photos.leclercdrive.fr/image.ashx?id=2649741&use=l&cat=p&typeid=i","cat":293239},{"id":131788,"n":"Barres céréales Eco+ Pomme/abricot - 125g","p":0.69,"u":"5,52 €/KG","img":"https://fd8-photos.leclercdrive.fr/image.ashx?id=2791206&use=l&cat=p&typeid=i","cat":285869},{"id":131790,"n":"Barres céréales Eco+ Chocolat & cacahuètes x6 - 126g","p":0.71,"u":"5,63 €/KG","img":"https://fd8-photos.leclercdrive.fr/image.ashx?id=2791209&use=l&cat=p&typeid=i","cat":285869},{"id":131794,"n":"Betteraves rouges 3x130g","p":1.79,"u":"4,59 €/KG","img":"https://fd8-photos.leclercdrive.fr/image.ashx?id=2537848&use=l&cat=p&typeid=i","cat":312611},{"id":131800,"n":"Céréales boules de mais Eco + Au miel - 750g","p":2.25,"u":"3,00 €/KG","img":"https://fd8-photos.leclercdrive.fr/image.ashx?id=2765828&use=l&cat=p&typeid=i","cat":309513},{"id":131802,"n":"Boules céréales miel P'tit Déli 400g","p":2.33,"u":"5,83 €/KG","img":"https://fd8-photos.leclercdrive.fr/image.ashx?id=2183110&use=l&cat=p&typeid=i","cat":309513},{"id":131806,"n":"Céréales fourrées P'tit Déli Chocolat au lait - 450g","p":2.45,"u":"5,44 €/KG","img":"https://fd8-photos.leclercdrive.fr/image.ashx?id=2835211&use=l&cat=p&typeid=i","cat":309513},{"id":131809,"n":"Chocolat noir dégustation 100g","p":1.0,"u":"10,00 €/KG","img":"https://fd8-photos.leclercdrive.fr/image.ashx?id=2858375&use=l&cat=p&typeid=i","cat":284956},{"id":131811,"n":"Chicorée café Eco+ Soluble - 200g","p":2.06,"u":"10,30 €/KG","img":"https://fd8-photos.leclercdrive.fr/image.ashx?id=2791200&use=l&cat=p&typeid=i","cat":284843},{"id":131813,"n":"Chocolat noir dégust 99% cacao 80g","p":2.89,"u":"36,13 €/KG","img":"https://fd8-photos.leclercdrive.fr/image.ashx?id=2441733&use=l&cat=p&typeid=i","cat":284956},{"id":131818,"n":"Céréales Corn Flakes Eco+ Nature - 750g","p":1.9,"u":"2,53 €/KG","img":"https://fd8-photos.leclercdrive.fr/image.ashx?id=2711589&use=l&cat=p&typeid=i","cat":309513},{"id":131820,"n":"Corn Flackes sucrés 400g","p":1.74,"u":"4,35 €/KG","img":"https://fd8-photos.leclercdrive.fr/image.ashx?id=2688764&use=l&cat=p&typeid=i","cat":309513},{"id":131821,"n":"Croissants Eco+ x10 - 400g","p":1.47,"u":"3,68 €/KG","img":"https://fd8-photos.leclercdrive.fr/image.ashx?id=2922914&use=l&cat=p&typeid=i","cat":296366},{"id":131822,"n":"Delicioso format familial x10 - 350g","p":2.52,"u":"7,20 €/KG","img":"https://fd8-photos.leclercdrive.fr/image.ashx?id=1942584&use=l&cat=p&typeid=i","cat":284495},{"id":131823,"n":"Gratin dauphinois 850g","p":1.35,"u":"1,59 €/KG","img":"https://fd8-photos.leclercdrive.fr/image.ashx?id=2841747&use=l&cat=p&typeid=i","cat":284441},{"id":131825,"n":"Mais croquant Eco+ 3x140g","p":1.66,"u":"3,95 €/KG","img":"https://fd8-photos.leclercdrive.fr/image.ashx?id=2874675&use=l&cat=p&typeid=i","cat":312611},{"id":131826,"n":"Miettes thon à la tomate Eco + 160g","p":0.77,"u":"4,81 €/KG","img":"https://fd8-photos.leclercdrive.fr/image.ashx?id=2751856&use=l&cat=p&typeid=i","cat":303867},{"id":131827,"n":"Mouliné aux 8 légumes Eco+ 1L","p":0.9,"u":"0,90 €/L","img":"https://fd8-photos.leclercdrive.fr/image.ashx?id=2768451&use=l&cat=p&typeid=i","cat":284462},{"id":131828,"n":"Miel de fleurs  Massif du Jura NRT - 375g","p":6.49,"u":"17,31 €/KG","img":"https://fd8-photos.leclercdrive.fr/image.ashx?id=2771417&use=l&cat=p&typeid=i","cat":287643},{"id":131832,"n":"Olives vertes dénoyautées 490g","p":2.52,"u":"5,14 €/KG","img":"https://fd8-photos.leclercdrive.fr/image.ashx?id=1942575&use=l&cat=p&typeid=i","cat":284458},{"id":131834,"n":"Pain de mie Epi d'Or Extra moelleux - 500g","p":0.99,"u":"1,98 €/KG","img":"https://fd8-photos.leclercdrive.fr/image.ashx?id=2860781&use=l&cat=p&typeid=i","cat":284477},{"id":131837,"n":"Petit pain grillé Bio Village Bio - 225g","p":1.35,"u":"6,00 €/KG","img":"https://fd8-photos.leclercdrive.fr/image.ashx?id=2595125&use=l&cat=p&typeid=i","cat":284479},{"id":131888,"n":"AOP Côtes du Rhône Vin rouge Vieilles vignes - 75cl","p":5.62,"u":"7,49 €/L","img":"https://fd8-photos.leclercdrive.fr/image.ashx?id=2853284&use=l&cat=p&typeid=i","cat":289556},{"id":131935,"n":"Bouillon Cube Bio Maggi Boeuf - 80g","p":1.44,"u":"18,00 €/KG","img":"https://fd8-photos.leclercdrive.fr/image.ashx?id=2787992&use=l&cat=p&typeid=i","cat":288379},{"id":131940,"n":"Bouillon liquide de volaille Maggi - 400ml","p":1.47,"u":"3,68 €/L","img":"https://fd8-photos.leclercdrive.fr/image.ashx?id=2496752&use=l&cat=p&typeid=i","cat":288379},{"id":132001,"n":"Verrines Hénaff Campagne/Canard - 3x180g","p":6.49,"u":"12,02 €/KG","img":"https://fd8-photos.leclercdrive.fr/image.ashx?id=2277887&use=l&cat=p&typeid=i","cat":305149},{"id":132003,"n":"Verrines Hénaff Camp./Forest./Rillettes- 3x180g","p":6.39,"u":"11,83 €/KG","img":"https://fd8-photos.leclercdrive.fr/image.ashx?id=2277884&use=l&cat=p&typeid=i","cat":305149},{"id":132008,"n":"Pain de mie complet Jacquet Maxi-tranches - 825g","p":2.25,"u":"2,73 €/KG","img":"https://fd8-photos.leclercdrive.fr/image.ashx?id=2991870&use=l&cat=p&typeid=i","cat":284477},{"id":132067,"n":"Mayonnaise Rustica 830g","p":3.59,"u":"4,33 €/KG","img":"https://fd8-photos.leclercdrive.fr/image.ashx?id=2994827&use=l&cat=p&typeid=i","cat":298295},{"id":132070,"n":"Sauce Frites Rustica 919g","p":3.59,"u":"3,91 €/KG","img":"https://fd8-photos.leclercdrive.fr/image.ashx?id=1944264&use=l&cat=p&typeid=i","cat":318431},{"id":132073,"n":"Huile de Friture Rustica 5L","p":11.99,"u":"2,40 €/L","img":"https://fd8-photos.leclercdrive.fr/image.ashx?id=2916716&use=l&cat=p&typeid=i","cat":284453},{"id":132088,"n":"Sauce Barilla Tomates Cuisinées - 400g","p":1.99,"u":"4,98 €/KG","img":"https://fd8-photos.leclercdrive.fr/image.ashx?id=2832527&use=l&cat=p&typeid=i","cat":287599},{"id":132109,"n":"Batonnets de glace Nuii Mangue d'Inde et Noix de Coco  x4","p":4.27,"u":"14,93 €/KG","img":"https://fd8-photos.leclercdrive.fr/image.ashx?id=2506825&use=l&cat=p&typeid=i","cat":284265},{"id":132153,"n":"Bâtonnets Trium Cacahuètes x4 - 306g","p":3.52,"u":"11,50 €/KG","img":"https://fd8-photos.leclercdrive.fr/image.ashx?id=2920785&use=l&cat=p&typeid=i","cat":284265},{"id":132154,"n":"Bâtonnets Trium Trois chocolats x4 - 282g","p":3.29,"u":"11,54 €/KG","img":"https://fd8-photos.leclercdrive.fr/image.ashx?id=2920800&use=l&cat=p&typeid=i","cat":284265},{"id":132163,"n":"Lait bébé liquide Blédilait croissance 1-3 ans 4x500ml","p":4.77,"u":"2,39 €/L","img":"https://fd8-photos.leclercdrive.fr/image.ashx?id=2892418&use=l&cat=p&typeid=i","cat":284728},{"id":132165,"n":"Sorbet Eskiss Citron jaune - 650g","p":2.41,"u":"3,71 €/KG","img":"https://fd8-photos.leclercdrive.fr/image.ashx?id=2982664&use=l&cat=p&typeid=i","cat":284263},{"id":132167,"n":"Bac Eskiss Sorbet Framboise - 650g","p":4.01,"u":"6,17 €/KG","img":"https://fd8-photos.leclercdrive.fr/image.ashx?id=2982667&use=l&cat=p&typeid=i","cat":284263},{"id":132180,"n":"Petits pots bébé P'TITE RECETTE Tajine de poulet 12M+ - 2x200g","p":1.88,"u":"4,70 €/KG","img":"https://fd8-photos.leclercdrive.fr/image.ashx?id=2525720&use=l&cat=p&typeid=i","cat":312237},{"id":132192,"n":"Donut fourré choco St Michel x6 - 180g","p":2.19,"u":"12,17 €/KG","img":"https://fd8-photos.leclercdrive.fr/image.ashx?id=2949961&use=l&cat=p&typeid=i","cat":284495},{"id":132234,"n":"Flocons d'avoine Grainea 500g","p":0.84,"u":"1,68 €/KG","img":"https://fd8-photos.leclercdrive.fr/image.ashx?id=2919655&use=l&cat=p&typeid=i","cat":309512},{"id":132243,"n":"Lessive liquide couleur Epsil 25 lavages - 1.25L","p":2.54,"u":"2,03 €/L","img":"https://fd8-photos.leclercdrive.fr/image.ashx?id=2933449&use=l&cat=p&typeid=i","cat":284640},{"id":132285,"n":"Feta grecque AOP Les Croisés - Tranche - 150g","p":1.84,"u":"12,27 €/KG","img":"https://fd8-photos.leclercdrive.fr/image.ashx?id=2210750&use=l&cat=p&typeid=i","cat":314026},{"id":132290,"n":"Huile d'Olive Carapelli Extra Vierge Classico - 75cl","p":11.0,"u":"14,67 €/L","img":"https://fd8-photos.leclercdrive.fr/image.ashx?id=2737480&use=l&cat=p&typeid=i","cat":284453},{"id":132330,"n":"Ail semoule Eco + 54g","p":0.79,"u":"14,63 €/KG","img":"https://fd8-photos.leclercdrive.fr/image.ashx?id=2717249&use=l&cat=p&typeid=i","cat":298297},{"id":132334,"n":"Tortilla Pockets Old El Paso x8 - 223g","p":2.64,"u":"11,84 €/KG","img":"https://fd8-photos.leclercdrive.fr/image.ashx?id=2737675&use=l&cat=p&typeid=i","cat":288993},{"id":132341,"n":"Couscous Fin Ferrero - 500G","p":1.45,"u":"2,90 €/KG","img":"https://fd8-photos.leclercdrive.fr/image.ashx?id=3008239&use=l&cat=p&typeid=i","cat":284429},{"id":132342,"n":"Tablette de chocolat Eco+ Blanc - 4x100g","p":3.67,"u":"9,18 €/KG","img":"https://fd8-photos.leclercdrive.fr/image.ashx?id=2661927&use=l&cat=p&typeid=i","cat":284957},{"id":132348,"n":"Delir' Pik Haribo Sachet bonbons acidulés - 275g","p":2.35,"u":"8,55 €/KG","img":"https://fd8-photos.leclercdrive.fr/image.ashx?id=2984904&use=l&cat=p&typeid=i","cat":304250},{"id":132368,"n":"Repas bébé Blédichef 15 mois Pâtes sauce tomate jambon -250g","p":1.6,"u":"6,40 €/KG","img":"https://fd8-photos.leclercdrive.fr/image.ashx?id=2643743&use=l&cat=p&typeid=i","cat":312238},{"id":132369,"n":"Repas bébé Blédichef 24 mois  Pâtes légumes cabillaud - 250g","p":1.85,"u":"7,40 €/KG","img":"https://fd8-photos.leclercdrive.fr/image.ashx?id=2644725&use=l&cat=p&typeid=i","cat":312238},{"id":132372,"n":"Gâteaux moelleux LU Nature - 140g","p":1.54,"u":"11,00 €/KG","img":"https://fd8-photos.leclercdrive.fr/image.ashx?id=2669418&use=l&cat=p&typeid=i","cat":284495},{"id":132392,"n":"Gratte éponge Spontex Longue durée - x3","p":1.95,"u":"0,65 €/P","img":"https://fd8-photos.leclercdrive.fr/image.ashx?id=2973072&use=l&cat=p&typeid=i","cat":284667},{"id":132393,"n":"Lait croissance Guigoz Optipro En poudre - dès 18 mois - 900g","p":10.95,"u":"12,17 €/KG","img":"https://fd8-photos.leclercdrive.fr/image.ashx?id=2517589&use=l&cat=p&typeid=i","cat":290219},{"id":132487,"n":"Gel déboucheur Syphon Javel soude - 1L","p":1.36,"u":"1,36 €/L","img":"https://fd8-photos.leclercdrive.fr/image.ashx?id=2202476&use=l&cat=p&typeid=i","cat":284908},{"id":132556,"n":"Tablette de chocolat Alter Eco Noir, Gingembre, Bio - 100g","p":2.79,"u":"27,90 €/KG","img":"https://fd8-photos.leclercdrive.fr/image.ashx?id=2921891&use=l&cat=p&typeid=i","cat":284956},{"id":132572,"n":"AOP Saumur Mousseux Brut Lacheteau Origine - 75cl","p":5.2,"u":"6,93 €/L","img":"https://fd8-photos.leclercdrive.fr/image.ashx?id=2960768&use=l&cat=p&typeid=i","cat":284545},{"id":132581,"n":"Céréales soufflé P'tit Déli Au chocolat - 400g","p":2.37,"u":"5,93 €/KG","img":"https://fd8-photos.leclercdrive.fr/image.ashx?id=2811875&use=l&cat=p&typeid=i","cat":309513},{"id":132582,"n":"Céréales soufflé blé P'tit Déli Miel caramel - 400g","p":1.99,"u":"4,98 €/KG","img":"https://fd8-photos.leclercdrive.fr/image.ashx?id=2900178&use=l&cat=p&typeid=i","cat":309513},{"id":132585,"n":"Skyr Yoplait  Nature 0%Mg - 4x100g","p":2.16,"u":"5,40 €/KG","img":"https://fd8-photos.leclercdrive.fr/image.ashx?id=2884435&use=l&cat=p&typeid=i","cat":315000},{"id":132590,"n":"Madeleines St Michel Fourrées au chocolat - 350g","p":3.01,"u":"8,60 €/KG","img":"https://fd8-photos.leclercdrive.fr/image.ashx?id=2949964&use=l&cat=p&typeid=i","cat":284492},{"id":132592,"n":"Chips Tyrrell's Truffe noire- 150g","p":1.93,"u":"12,87 €/KG","img":"https://fd8-photos.leclercdrive.fr/image.ashx?id=2736634&use=l&cat=p&typeid=i","cat":284447},{"id":132600,"n":"Compotes Pom'Potes Gourdes Recette Bangkok - 4x90g","p":1.82,"u":"5,06 €/KG","img":"https://fd8-photos.leclercdrive.fr/image.ashx?id=2990427&use=l&cat=p&typeid=i","cat":284508},{"id":132601,"n":"Fan of Pik Haribo  Sachet bonbons acidulés - 200g","p":1.28,"u":"6,40 €/KG","img":"https://fd8-photos.leclercdrive.fr/image.ashx?id=2789766&use=l&cat=p&typeid=i","cat":304250},{"id":132602,"n":"Bandz Pik Haribo Sachet bonbons acidulés - 200g","p":1.22,"u":"6,10 €/KG","img":"https://fd8-photos.leclercdrive.fr/image.ashx?id=2982417&use=l&cat=p&typeid=i","cat":304250},{"id":132612,"n":"Biscuits Le petit St Michel Coeur chocolat au lait - 132g","p":1.4,"u":"10,61 €/KG","img":"https://fd8-photos.leclercdrive.fr/image.ashx?id=2949967&use=l&cat=p&typeid=i","cat":284488},{"id":132621,"n":"Tablette de chocolat noir Lindt doux 85% - 100g","p":2.65,"u":"26,50 €/KG","img":"https://fd8-photos.leclercdrive.fr/image.ashx?id=2423777&use=l&cat=p&typeid=i","cat":284956},{"id":132625,"n":"Batônnets Trium Vanille Fruits rouge x4 - 286g","p":2.64,"u":"9,23 €/KG","img":"https://fd8-photos.leclercdrive.fr/image.ashx?id=2920782&use=l&cat=p&typeid=i","cat":284265},{"id":132629,"n":"Pétales de blé P'tit Déli Au chocolat - 400g","p":2.17,"u":"5,43 €/KG","img":"https://fd8-photos.leclercdrive.fr/image.ashx?id=2765846&use=l&cat=p&typeid=i","cat":309513},{"id":132630,"n":"Sorbet Eskiss Pomme - 650g","p":2.49,"u":"3,83 €/KG","img":"https://fd8-photos.leclercdrive.fr/image.ashx?id=2982670&use=l&cat=p&typeid=i","cat":284263},{"id":132631,"n":"Sorbet Eskiss Poire - 650g","p":2.11,"u":"3,25 €/KG","img":"https://fd8-photos.leclercdrive.fr/image.ashx?id=2983826&use=l&cat=p&typeid=i","cat":284263},{"id":132633,"n":"Bac sorbet Eskiss Citron vert - 650g","p":2.61,"u":"4,02 €/KG","img":"https://fd8-photos.leclercdrive.fr/image.ashx?id=1958904&use=l&cat=p&typeid=i","cat":284263},{"id":132638,"n":"Batonnet Trium Vanille fruit exotique x4  294g","p":2.65,"u":"9,01 €/KG","img":"https://fd8-photos.leclercdrive.fr/image.ashx?id=2911699&use=l&cat=p&typeid=i","cat":284265},{"id":132640,"n":"Batonnets Trium Citron meringue - x4 - 280g","p":2.85,"u":"10,18 €/KG","img":"https://fd8-photos.leclercdrive.fr/image.ashx?id=2911702&use=l&cat=p&typeid=i","cat":284265},{"id":132641,"n":"Mini batonnets Trium Vanille - x8 - 288g","p":2.78,"u":"9,65 €/KG","img":"https://fd8-photos.leclercdrive.fr/image.ashx?id=2920797&use=l&cat=p&typeid=i","cat":284265},{"id":132644,"n":"Huile Cadum Bébé  Huile Merveilleuse - 100ml","p":3.19,"u":"31,90 €/L","img":"https://fd8-photos.leclercdrive.fr/image.ashx?id=2518352&use=l&cat=p&typeid=i","cat":284741},{"id":132780,"n":"AOP Champagne Lanson Brut Le Black Label - 12.5%vol 75cl","p":34.95,"u":"46,60 €/L","img":"https://fd8-photos.leclercdrive.fr/image.ashx?id=2914453&use=l&cat=p&typeid=i","cat":284542},{"id":132789,"n":"Mayonnaise Bénédicta Signature - 255g","p":3.08,"u":"13,69 €/KG","img":"https://fd8-photos.leclercdrive.fr/image.ashx?id=2548216&use=l&cat=p&typeid=i","cat":298295},{"id":132808,"n":"Skyr Yoplait  Lit Fruits Rouges 0%Mg - 4x100g","p":1.87,"u":"4,68 €/KG","img":"https://fd8-photos.leclercdrive.fr/image.ashx?id=2884438&use=l&cat=p&typeid=i","cat":315000},{"id":132811,"n":"Skyr Yoplait  Sur Lit Myrtilles 0%MG - 4x100G","p":2.25,"u":"5,63 €/KG","img":"https://fd8-photos.leclercdrive.fr/image.ashx?id=2884441&use=l&cat=p&typeid=i","cat":315000},{"id":132812,"n":"Bière blonde Grimbergen Sans alcool 0,0° - 6x25cl","p":5.25,"u":"3,50 €/L","img":"https://fd8-photos.leclercdrive.fr/image.ashx?id=2334515&use=l&cat=p&typeid=i","cat":334877},{"id":132815,"n":"Skyr Yoplait  Sur Lit Citron 0%MG - 4x100g","p":2.25,"u":"5,63 €/KG","img":"https://fd8-photos.leclercdrive.fr/image.ashx?id=2317780&use=l&cat=p&typeid=i","cat":315000},{"id":132889,"n":"Vin rouge Tutiac Côtes de Bourg - 75cl","p":5.49,"pp":3.62,"u":"4,83 €/L","img":"https://fd8-photos.leclercdrive.fr/image.ashx?id=3000156&use=l&cat=p&typeid=i","cat":289556},{"id":132905,"n":"Confiture Bonne Maman Myrtille/Cassis - 335g","p":2.89,"u":"8,63 €/KG","img":"https://fd8-photos.leclercdrive.fr/image.ashx?id=2508222&use=l&cat=p&typeid=i","cat":284480},{"id":132906,"n":"Confiture - Bonne Maman Fraise des bois - 335g","p":3.45,"u":"10,30 €/KG","img":"https://fd8-photos.leclercdrive.fr/image.ashx?id=2341005&use=l&cat=p&typeid=i","cat":284480},{"id":132942,"n":"Laque cheveux colorés Elnett Fixation forte - 2x300ml","p":13.31,"u":"22,18 €/L","img":"https://fd8-photos.leclercdrive.fr/image.ashx?id=1950050&use=l&cat=p&typeid=i","cat":284609},{"id":132978,"n":"Haché Le 5% Tendre & Plus Pur bœuf - 500g","p":8.89,"u":"17,78 €/KG","img":"https://fd8-photos.leclercdrive.fr/image.ashx?id=1952627&use=l&cat=p&typeid=i","cat":284332},{"id":133002,"n":"Crème universelle bio N.A.E. 150ml","p":10.38,"u":"69,20 €/L","img":"https://fd8-photos.leclercdrive.fr/image.ashx?id=1950848&use=l&cat=p&typeid=i","cat":325350},{"id":133039,"n":"Lessive liquide noir Epsil 25 Lavages - 1.25L","p":2.54,"u":"2,03 €/L","img":"https://fd8-photos.leclercdrive.fr/image.ashx?id=2958759&use=l&cat=p&typeid=i","cat":284640},{"id":133044,"n":"Lessive laine & soie Epsil 25 lavages - 1.25L","p":2.54,"u":"2,03 €/L","img":"https://fd8-photos.leclercdrive.fr/image.ashx?id=2842319&use=l&cat=p&typeid=i","cat":284640},{"id":133071,"n":"Contour yeux bio So Bio Etic Précieux Argan -15ml","p":13.11,"u":"874,00 €/L","img":"https://fd8-photos.leclercdrive.fr/image.ashx?id=2644244&use=l&cat=p&typeid=i","cat":325345},{"id":133073,"n":"Concentré éclat bio So Bio Etic Anti-tâches Précieux Argan-40ml","p":15.15,"u":"378,75 €/L","img":"https://fd8-photos.leclercdrive.fr/image.ashx?id=2185349&use=l&cat=p&typeid=i","cat":325345},{"id":133083,"n":"Bac gourmand Ice Cream Factory Tiramisu - 500g","p":2.83,"u":"5,66 €/KG","img":"https://fd8-photos.leclercdrive.fr/image.ashx?id=2671733&use=l&cat=p&typeid=i","cat":284263},{"id":133085,"n":"Bac gourmand Ice Cream Factory Tartufo - 500g","p":2.91,"u":"5,82 €/KG","img":"https://fd8-photos.leclercdrive.fr/image.ashx?id=2671736&use=l&cat=p&typeid=i","cat":284263},{"id":133115,"n":"Sauce Mayomix Heinz Mix mayonnaise & ketchup - 425g","p":2.63,"u":"6,19 €/KG","img":"https://fd8-photos.leclercdrive.fr/image.ashx?id=2926936&use=l&cat=p&typeid=i","cat":318431},{"id":133121,"n":"Poisson Pané Colin Alaska Findus Céréales graines - 250g","p":4.1,"u":"16,40 €/KG","img":"https://fd8-photos.leclercdrive.fr/image.ashx?id=3008764&use=l&cat=p&typeid=i","cat":319788},{"id":133179,"n":"Yaourt protéiné Hipro Vanille 0%mg - 2x160g","p":2.39,"u":"7,47 €/KG","img":"https://fd8-photos.leclercdrive.fr/image.ashx?id=2807414&use=l&cat=p&typeid=i","cat":315000},{"id":133188,"n":"Douche crème bio So Bio Etic Surgras à l'huile de coco-650ml","p":6.59,"u":"10,14 €/L","img":"https://fd8-photos.leclercdrive.fr/image.ashx?id=2891580&use=l&cat=p&typeid=i","cat":284594},{"id":133371,"n":"Shampooing chic Dessange Déjaunisseur - 2x250ml","p":6.64,"u":"13,28 €/L","img":"https://fd8-photos.leclercdrive.fr/image.ashx?id=2285939&use=l&cat=p&typeid=i","cat":284606},{"id":133398,"n":"Petit pot bébé bio Blédina 8m Riz champignon pois 2x200g","p":3.05,"u":"7,63 €/KG","img":"https://fd8-photos.leclercdrive.fr/image.ashx?id=2831714&use=l&cat=p&typeid=i","cat":312239},{"id":133426,"n":"Capsules Nescafé Dolce Gusto Marrakech Tea - x16","p":4.64,"u":"55,90 €/KG","img":"https://fd8-photos.leclercdrive.fr/image.ashx?id=2467510&use=l&cat=p&typeid=i","cat":293239},{"id":133480,"n":"Gel-crème bio La Source Hydratation 24h - 40ml","p":13.32,"u":"333,00 €/L","img":"https://fd8-photos.leclercdrive.fr/image.ashx?id=2219309&use=l&cat=p&typeid=i","cat":325345},{"id":133513,"n":"Crème jour bio La Source Anti-âge action complète - 40ml","p":15.78,"u":"394,50 €/L","img":"https://fd8-photos.leclercdrive.fr/image.ashx?id=2231843&use=l&cat=p&typeid=i","cat":325345},{"id":133518,"n":"Crème nuit bio La Source Action complète - 40ml","p":15.51,"u":"387,75 €/L","img":"https://fd8-photos.leclercdrive.fr/image.ashx?id=2357955&use=l&cat=p&typeid=i","cat":325345},{"id":133533,"n":"Masque Color-Vive Elsève 2x310ml","p":9.89,"u":"15,95 €/L","img":"https://fd8-photos.leclercdrive.fr/image.ashx?id=2396159&use=l&cat=p&typeid=i","cat":284608},{"id":133535,"n":"Billes d'argile beaux jours 6 L","p":3.29,"u":"0,55 €/L","img":"https://fd8-photos.leclercdrive.fr/image.ashx?id=2632603&use=l&cat=p&typeid=i","cat":335919},{"id":133675,"n":"Yaourt brassé ait de chèvre  Soignon Pruneau - 4x125g","p":2.77,"u":"5,54 €/KG","img":"https://fd8-photos.leclercdrive.fr/image.ashx?id=2518307&use=l&cat=p&typeid=i","cat":314998},{"id":133748,"n":"Soda Coca-Cola - SANS SUCRES Bouteille - 6x25cl","p":5.26,"u":"3,51 €/L","img":"https://fd8-photos.leclercdrive.fr/image.ashx?id=2312308&use=l&cat=p&typeid=i","cat":284530},{"id":133797,"n":"Gin Roku 43° alc. 70cl","p":33.12,"u":"47,31 €/L","img":"https://fd8-photos.leclercdrive.fr/image.ashx?id=1958232&use=l&cat=p&typeid=i","cat":284550},{"id":133800,"n":"Whisky Taiwanais Yushan 40% vol. - 70cl + Etui","p":33.38,"u":"47,69 €/L","img":"https://fd8-photos.leclercdrive.fr/image.ashx?id=2736364&use=l&cat=p&typeid=i","cat":284547},{"id":134047,"n":"Barres de céréales Lion Chocolat caramel - 12x25g","p":4.09,"u":"13,63 €/KG","img":"https://fd8-photos.leclercdrive.fr/image.ashx?id=2846787&use=l&cat=p&typeid=i","cat":285869},{"id":134096,"n":"AOP Côte du Rhône Vin rouge Château de Tresques - 75cl","p":3.6,"u":"4,80 €/L","img":"https://fd8-photos.leclercdrive.fr/image.ashx?id=1965032&use=l&cat=p&typeid=i","cat":289556},{"id":134121,"n":"Poivre noir moulu Eco+ 44g","p":0.55,"u":"12,50 €/KG","img":"https://fd8-photos.leclercdrive.fr/image.ashx?id=2717246&use=l&cat=p&typeid=i","cat":284457},{"id":134122,"n":"Poivre noir moulu Eco+ 90g","p":1.15,"u":"12,78 €/KG","img":"https://fd8-photos.leclercdrive.fr/image.ashx?id=2836307&use=l&cat=p&typeid=i","cat":284457},{"id":134124,"n":"Velouté PurSoup' Liebig Poireaux pomme de terre - 1L","p":2.25,"u":"2,25 €/L","img":"https://fd8-photos.leclercdrive.fr/image.ashx?id=2864324&use=l&cat=p&typeid=i","cat":284462},{"id":134131,"n":"Soupe liquide brique Liebig  Velouté de Tomates - 1L","p":1.8,"u":"1,80 €/L","img":"https://fd8-photos.leclercdrive.fr/image.ashx?id=2759439&use=l&cat=p&typeid=i","cat":284462},{"id":134136,"n":"Rhum Spiced Clan Caribbean 35% vol - 70cl","p":14.44,"u":"20,63 €/L","img":"https://fd8-photos.leclercdrive.fr/image.ashx?id=2516044&use=l&cat=p&typeid=i","cat":284550},{"id":134146,"n":"Biscuits Nustikao Fourrés pâte à tartiner - 200g","p":1.67,"u":"8,35 €/KG","img":"https://fd8-photos.leclercdrive.fr/image.ashx?id=2473999&use=l&cat=p&typeid=i","cat":284488},{"id":134147,"n":"Purée fruit bébé Pomme Myrtille 4/6 mois Blédina - 4x100g","p":1.92,"u":"4,80 €/KG","img":"https://fd8-photos.leclercdrive.fr/image.ashx?id=2983057&use=l&cat=p&typeid=i","cat":312388},{"id":134152,"n":"Biscuits Kinder Happy Hippo Au lait et au cacao - 103,5g","p":1.89,"u":"18,17 €/KG","img":"https://fd8-photos.leclercdrive.fr/image.ashx?id=2454499&use=l&cat=p&typeid=i","cat":284488},{"id":134165,"n":"Yaourt à la Grecque Délisse Stracciatella - 4x150g","p":2.39,"u":"3,98 €/KG","img":"https://fd8-photos.leclercdrive.fr/image.ashx?id=2753487&use=l&cat=p&typeid=i","cat":314999},{"id":134167,"n":"Yaourt à la grecque Délisse Noix de Coco - 4x150g","p":2.38,"u":"3,97 €/KG","img":"https://fd8-photos.leclercdrive.fr/image.ashx?id=2699759&use=l&cat=p&typeid=i","cat":314999},{"id":134172,"n":"Nissin soba sachet teriyaki 110g","p":1.74,"u":"15,82 €/KG","img":"https://fd8-photos.leclercdrive.fr/image.ashx?id=2433521&use=l&cat=p&typeid=i","cat":288992},{"id":134184,"n":"Nissin Soba sachet classique 109g","p":1.95,"u":"17,89 €/KG","img":"https://fd8-photos.leclercdrive.fr/image.ashx?id=2647630&use=l&cat=p&typeid=i","cat":288992},{"id":134194,"n":"Yaourt aromatisé Perle de Lait Lit de Mangue Passion - 4x125g","p":2.35,"u":"4,70 €/P","img":"https://fd8-photos.leclercdrive.fr/image.ashx?id=2989213&use=l&cat=p&typeid=i","cat":314999},{"id":134220,"n":"Allumettes nature Tradilège Sans nitrite - 2x75g","p":1.62,"u":"10,80 €/KG","img":"https://fd8-photos.leclercdrive.fr/image.ashx?id=2970486&use=l&cat=p&typeid=i","cat":316011},{"id":134249,"n":"Blé express cuisiné Ebly  Tomate et basilic - 220g","p":1.38,"u":"6,27 €/KG","img":"https://fd8-photos.leclercdrive.fr/image.ashx?id=1963877&use=l&cat=p&typeid=i","cat":287600},{"id":134257,"n":"Corn Flakes Grainéa Nature - 500g","p":2.08,"u":"4,16 €/KG","img":"https://fd8-photos.leclercdrive.fr/image.ashx?id=2617249&use=l&cat=p&typeid=i","cat":309513},{"id":134316,"n":"Goûters P'tit Déli Croc' Goût Vanille - 300g","p":1.08,"u":"3,27 €/KG","img":"https://fd8-photos.leclercdrive.fr/image.ashx?id=2391895&use=l&cat=p&typeid=i","cat":284489},{"id":134317,"n":"Biscuit Croc Break P'tit Déli Goût Chocolat - 300g","p":1.15,"u":"3,83 €/KG","img":"https://fd8-photos.leclercdrive.fr/image.ashx?id=2708895&use=l&cat=p&typeid=i","cat":284488},{"id":134318,"n":"Biscuits P'tit déli Pirates Chocolat - 2x300g","p":2.17,"u":"3,62 €/KG","img":"https://fd8-photos.leclercdrive.fr/image.ashx?id=2718614&use=l&cat=p&typeid=i","cat":284488},{"id":134319,"n":"Biscuit Croc Break P'tit Déli Goût Tout Chocolat - 300g","p":1.09,"u":"3,63 €/KG","img":"https://fd8-photos.leclercdrive.fr/image.ashx?id=2472662&use=l&cat=p&typeid=i","cat":284488},{"id":134331,"n":"Muesli croustillant Grainéa Chocolat noir - 500g","p":2.29,"u":"4,58 €/KG","img":"https://fd8-photos.leclercdrive.fr/image.ashx?id=2925991&use=l&cat=p&typeid=i","cat":309512},{"id":134333,"n":"Muesli croustillant Grainéa Noix - 500g","p":2.02,"u":"4,04 €/KG","img":"https://fd8-photos.leclercdrive.fr/image.ashx?id=2917662&use=l&cat=p&typeid=i","cat":309512},{"id":134336,"n":"Muesli croustillant Grainéa  Aux fruits - 500g","p":1.87,"u":"3,74 €/KG","img":"https://fd8-photos.leclercdrive.fr/image.ashx?id=2931796&use=l&cat=p&typeid=i","cat":309512},{"id":134352,"n":"Muesli croustillant Grainéa  Fraise - 500g","p":2.27,"u":"4,54 €/KG","img":"https://fd8-photos.leclercdrive.fr/image.ashx?id=2873670&use=l&cat=p&typeid=i","cat":309512},{"id":134353,"n":"Muesli croustillant Grainéa Chocolat lait - 500g","p":2.27,"u":"4,54 €/KG","img":"https://fd8-photos.leclercdrive.fr/image.ashx?id=2925994&use=l&cat=p&typeid=i","cat":309512},{"id":134398,"n":"Saucisson Fuet d'Olot 150g","p":2.93,"u":"19,53 €/KG","img":"https://fd8-photos.leclercdrive.fr/image.ashx?id=1971722&use=l&cat=p&typeid=i","cat":316006},{"id":134404,"n":"Bananes chips 275 g","p":2.99,"u":"10,87 €/KG","img":"https://fd8-photos.leclercdrive.fr/image.ashx?id=1963904&use=l&cat=p&typeid=i","cat":284357},{"id":134443,"n":"Lot de 3 spots Led Philips GU10 50W Blanc froid","p":5.42,"u":"1,81 €/P","img":"https://fd8-photos.leclercdrive.fr/image.ashx?id=1962707&use=l&cat=p&typeid=i","cat":300573},{"id":134458,"n":"Fromage Camembert NRT AOP  de Normandie  - 250g","p":3.39,"u":"13,56 €/KG","img":"https://fd8-photos.leclercdrive.fr/image.ashx?id=1962719&use=l&cat=p&typeid=i","cat":314033},{"id":134484,"n":"Pur jus de légume Bio Village Bio - 1L","p":2.86,"u":"2,86 €/L","img":"https://fd8-photos.leclercdrive.fr/image.ashx?id=2901569&use=l&cat=p&typeid=i","cat":284523},{"id":134521,"n":"Sauce Rouille Bénédicta - 260g","p":1.46,"u":"5,62 €/KG","img":"https://fd8-photos.leclercdrive.fr/image.ashx?id=2341056&use=l&cat=p&typeid=i","cat":318430},{"id":134534,"n":"Café en grains L'OR Absolu N° 7 1kg","p":19.78,"u":"19,78 €/KG","img":"https://fd8-photos.leclercdrive.fr/image.ashx?id=2716837&use=l&cat=p&typeid=i","cat":293237},{"id":134595,"n":"Céréales complètes Quaker 3 chocolats - 450g","p":3.59,"u":"7,98 €/KG","img":"https://fd8-photos.leclercdrive.fr/image.ashx?id=2212141&use=l&cat=p&typeid=i","cat":309512},{"id":134631,"n":"Pommes de terre pour four purée potage Panier du Primeur - 2kg","p":2.29,"u":"1,15 €/KG","img":"https://fd8-photos.leclercdrive.fr/image.ashx?id=2959641&use=l&cat=p&typeid=i","cat":284352},{"id":134676,"n":"Friandises chien Pedigree  Schmackos multi mix x20 - 144g","p":1.9,"u":"13,19 €/KG","img":"https://fd8-photos.leclercdrive.fr/image.ashx?id=2338579&use=l&cat=p&typeid=i","cat":294527},{"id":134677,"n":"Friandise petit chien Pedigree  Os à mâcher x4 - 160g","p":1.91,"u":"11,94 €/KG","img":"https://fd8-photos.leclercdrive.fr/image.ashx?id=2997253&use=l&cat=p&typeid=i","cat":294527},{"id":134678,"n":"Friandise moyen chien Pedigree Os à mâcher x2 - 180g","p":2.45,"u":"13,61 €/KG","img":"https://fd8-photos.leclercdrive.fr/image.ashx?id=2981710&use=l&cat=p&typeid=i","cat":294527},{"id":134680,"n":"Biscuits chien Pedigree Markies fourrés - 1,5kg","p":4.74,"u":"3,16 €/KG","img":"https://fd8-photos.leclercdrive.fr/image.ashx?id=2109671&use=l&cat=p&typeid=i","cat":294527},{"id":134698,"n":"Pomme de terre filière vapeur  sautées Panier du Primeur - 2kg","p":2.29,"u":"1,15 €/KG","img":"https://fd8-photos.leclercdrive.fr/image.ashx?id=2959644&use=l&cat=p&typeid=i","cat":284352},{"id":134735,"n":"Doonuts nappés Saint michel 360g","p":3.19,"u":"8,86 €/KG","img":"https://fd8-photos.leclercdrive.fr/image.ashx?id=2986275&use=l&cat=p&typeid=i","cat":284495},{"id":134745,"n":"Yaourt nature ECO+ 12x125g","p":1.69,"u":"1,13 €/KG","img":"https://fd8-photos.leclercdrive.fr/image.ashx?id=2791194&use=l&cat=p&typeid=i","cat":284409},{"id":134749,"n":"Biscuits avoine complet Nat&Vie Bio - 130g","p":1.78,"u":"13,69 €/KG","img":"https://fd8-photos.leclercdrive.fr/image.ashx?id=2329194&use=l&cat=p&typeid=i","cat":318651},{"id":134754,"n":"Café moulu Bio Village Guatémala Bio - 250g","p":4.9,"u":"19,60 €/KG","img":"https://fd8-photos.leclercdrive.fr/image.ashx?id=2468879&use=l&cat=p&typeid=i","cat":284750},{"id":134758,"n":"Compote Allégée en sucres Eco+ Coupelle pomme banane - 4x100g","p":0.59,"u":"1,48 €/KG","img":"https://fd8-photos.leclercdrive.fr/image.ashx?id=1965671&use=l&cat=p&typeid=i","cat":284508},{"id":134760,"n":"Confiture extra bio Bio Village Figues - 370g","p":2.31,"u":"6,24 €/KG","img":"https://fd8-photos.leclercdrive.fr/image.ashx?id=2459593&use=l&cat=p&typeid=i","cat":284480},{"id":134770,"n":"Compote bio Bio Village Gourdes multivariétés - 12x90g","p":6.35,"u":"5,88 €/KG","img":"https://fd8-photos.leclercdrive.fr/image.ashx?id=1965920&use=l&cat=p&typeid=i","cat":284508},{"id":134773,"n":"Pur jus de citron vert - 25 cl vert - 25 cl","p":1.77,"u":"7,08 €/L","img":"https://fd8-photos.leclercdrive.fr/image.ashx?id=2140944&use=l&cat=p&typeid=i","cat":288383},{"id":134774,"n":"Pur jus de citron jaune - 50 cl jaune - 50 cl","p":2.39,"u":"4,78 €/L","img":"https://fd8-photos.leclercdrive.fr/image.ashx?id=3010449&use=l&cat=p&typeid=i","cat":288383},{"id":134781,"n":"Pain de mie complet Bio Village Grandes tranches Bio - 500g","p":1.7,"u":"3,40 €/KG","img":"https://fd8-photos.leclercdrive.fr/image.ashx?id=2302734&use=l&cat=p&typeid=i","cat":284477},{"id":134782,"n":"Palet breton Bio Village Bio - 125g","p":1.53,"u":"12,24 €/KG","img":"https://fd8-photos.leclercdrive.fr/image.ashx?id=2496425&use=l&cat=p&typeid=i","cat":284487},{"id":134787,"n":"Ravioli bœuf Bio village Bio 700g","p":3.68,"u":"5,26 €/KG","img":"https://fd8-photos.leclercdrive.fr/image.ashx?id=2717255&use=l&cat=p&typeid=i","cat":284442},{"id":134788,"n":"Spaghetti complets Bio Village Bio - 500g","p":0.89,"u":"1,78 €/KG","img":"https://fd8-photos.leclercdrive.fr/image.ashx?id=2503308&use=l&cat=p&typeid=i","cat":284429},{"id":134792,"n":"Thon blanc Pêche océan MSC Entier nature - France - 112g","p":2.75,"u":"24,55 €/KG","img":"https://fd8-photos.leclercdrive.fr/image.ashx?id=2942235&use=l&cat=p&typeid=i","cat":303867},{"id":134793,"n":"Toasts fins nature Epi d'Or 100g","p":1.65,"u":"16,50 €/KG","img":"https://fd8-photos.leclercdrive.fr/image.ashx?id=2696283&use=l&cat=p&typeid=i","cat":285454},{"id":134794,"n":"Toasts fins sésame Epi d'Or 100g","p":1.65,"u":"16,50 €/KG","img":"https://fd8-photos.leclercdrive.fr/image.ashx?id=2705092&use=l&cat=p&typeid=i","cat":285454},{"id":134797,"n":"Tuiles goût barbecue Tokapi 170g","p":1.39,"u":"8,18 €/KG","img":"https://fd8-photos.leclercdrive.fr/image.ashx?id=2632891&use=l&cat=p&typeid=i","cat":287899},{"id":134798,"n":"Velouté de légumes Eco + 1L","p":0.89,"u":"0,89 €/L","img":"https://fd8-photos.leclercdrive.fr/image.ashx?id=2768448&use=l&cat=p&typeid=i","cat":284462},{"id":134815,"n":"Pur jus 4 agrumes Eco +  1L","p":1.43,"u":"1,43 €/L","img":"https://fd8-photos.leclercdrive.fr/image.ashx?id=2762943&use=l&cat=p&typeid=i","cat":284917},{"id":134816,"n":"Jus d'orange ABC Eco + Brique - 1L","p":1.3,"u":"1,30 €/L","img":"https://fd8-photos.leclercdrive.fr/image.ashx?id=2595049&use=l&cat=p&typeid=i","cat":284521},{"id":134817,"n":"Jus de pamplemousse rose Eco + ABC - 1L","p":0.98,"u":"0,98 €/L","img":"https://fd8-photos.leclercdrive.fr/image.ashx?id=2802266&use=l&cat=p&typeid=i","cat":284914},{"id":134825,"n":"Bière 0.0% Falsbourg  Sans alcool - 6x25cl","p":2.63,"u":"1,75 €/L","img":"https://fd8-photos.leclercdrive.fr/image.ashx?id=2637979&use=l&cat=p&typeid=i","cat":334877},{"id":134829,"n":"Bière forte 7.9% Millbrau 50CL","p":0.85,"u":"1,70 €/L","img":"https://fd8-photos.leclercdrive.fr/image.ashx?id=2955578&use=l&cat=p&typeid=i","cat":334853},{"id":134840,"n":"Sangria rouge 7% Eco + 7% vol - 5L","p":5.99,"u":"1,20 €/L","img":"https://fd8-photos.leclercdrive.fr/image.ashx?id=2714974&use=l&cat=p&typeid=i","cat":286032},{"id":134841,"n":"IGP Pays d'Oc Merlot vin rosé Vieux Carion 12% vol - BIB 3L","p":7.99,"u":"2,66 €/L","img":"https://fd8-photos.leclercdrive.fr/image.ashx?id=2887410&use=l&cat=p&typeid=i","cat":289560},{"id":134842,"n":"Vin d'Union Européenne blanc Adrien Champaud 11% vol BIB 5L","p":8.49,"u":"1,70 €/L","img":"https://fd8-photos.leclercdrive.fr/image.ashx?id=2148588&use=l&cat=p&typeid=i","cat":289557},{"id":134853,"n":"Bière speciale 4,9% Gildo 50cl","p":0.87,"u":"1,74 €/L","img":"https://fd8-photos.leclercdrive.fr/image.ashx?id=2955605&use=l&cat=p&typeid=i","cat":334853},{"id":134856,"n":"Eau de javel Eco + 2L","p":0.63,"u":"0,32 €/L","img":"https://fd8-photos.leclercdrive.fr/image.ashx?id=3007609&use=l&cat=p&typeid=i","cat":284661},{"id":134860,"n":"Maxi carré bébé Mots d'Enfants Coton bio - x80","p":2.6,"u":"0,03 €/P","img":"https://fd8-photos.leclercdrive.fr/image.ashx?id=3014296&use=l&cat=p&typeid=i","cat":284739},{"id":134861,"n":"Maxi carré bébé Mots d'Enfants Coton bio écru - x40","p":1.37,"u":"0,03 €/P","img":"https://fd8-photos.leclercdrive.fr/image.ashx?id=3014299&use=l&cat=p&typeid=i","cat":284739},{"id":134877,"n":"Jeu vidéo : FIFA 21 Console : PS4","p":37.72,"img":"https://fd8-photos.leclercdrive.fr/image.ashx?id=1969002&use=l&cat=p&typeid=i","cat":300553},{"id":134882,"n":"K2r Pistolet Super Power 550 ml","p":6.15,"u":"11,18 €/L","img":"https://fd8-photos.leclercdrive.fr/image.ashx?id=2890109&use=l&cat=p&typeid=i","cat":284651},{"id":134938,"n":"Lait bébé en poudre Blédilait 2e âge 6-12 mois 1.2kg","p":16.15,"u":"13,46 €/KG","img":"https://fd8-photos.leclercdrive.fr/image.ashx?id=2674068&use=l&cat=p&typeid=i","cat":284727},{"id":134989,"n":"Amora Cornichons Extra-Fins Bocal Croq'Vert 370g","p":3.09,"u":"8,35 €/KG","img":"https://fd8-photos.leclercdrive.fr/image.ashx?id=2670911&use=l&cat=p&typeid=i","cat":284458},{"id":135001,"n":"Lingettes Bébé Huggies® Extra Care Sensitive 1x56","p":2.32,"u":"0,04 €/P","img":"https://fd8-photos.leclercdrive.fr/image.ashx?id=2768276&use=l&cat=p&typeid=i","cat":284738},{"id":135029,"n":"Saucissons H.Raffin 4x145g","p":14.49,"u":"24,98 €/KG","img":"https://fd8-photos.leclercdrive.fr/image.ashx?id=3008455&use=l&cat=p&typeid=i","cat":316006},{"id":135081,"n":"Joker Pur Jus Engagé  Multifruits - 1,5L","p":3.33,"u":"2,22 €/L","img":"https://fd8-photos.leclercdrive.fr/image.ashx?id=3008137&use=l&cat=p&typeid=i","cat":284917},{"id":135104,"n":"Salade & Cie Sodebo Brooklyn Poulet Rôti Pâtes - 320g","p":4.49,"u":"14,03 €/KG","img":"https://fd8-photos.leclercdrive.fr/image.ashx?id=2795719&use=l&cat=p&typeid=i","cat":333657},{"id":135114,"n":"Papier cadeau Disney Cars - 5mx1m - 1 pièce","p":6.13,"img":"https://fd8-photos.leclercdrive.fr/image.ashx?id=1973901&use=l&cat=p&typeid=i","cat":335914},{"id":135133,"n":"Moelleux au chocolat Equador 4x80g","p":2.99,"u":"24,92 €/KG","img":"https://fd8-photos.leclercdrive.fr/image.ashx?id=1974305&use=l&cat=p&typeid=i","cat":284419},{"id":135136,"n":"Coeur fondant chocolat Equador 2x90g","p":2.13,"u":"11,83 €/KG","img":"https://fd8-photos.leclercdrive.fr/image.ashx?id=1979707&use=l&cat=p&typeid=i","cat":284419},{"id":135179,"n":"Sauce béchamel Bridélice 50cl","p":2.69,"u":"5,38 €/L","img":"https://fd8-photos.leclercdrive.fr/image.ashx?id=2904718&use=l&cat=p&typeid=i","cat":284382},{"id":135191,"n":"Yaourt aromatisé sucré Eco+ Pack 12x125g","p":1.86,"u":"1,24 €/KG","img":"https://fd8-photos.leclercdrive.fr/image.ashx?id=2759774&use=l&cat=p&typeid=i","cat":286006},{"id":135201,"n":"Matière grasse bio St Hubert Doux 55%MG - 230g","p":2.19,"u":"9,52 €/KG","img":"https://fd8-photos.leclercdrive.fr/image.ashx?id=2886097&use=l&cat=p&typeid=i","cat":315229},{"id":135203,"n":"Yaourt nature Eco+ 4x125g","p":0.58,"u":"1,16 €/KG","img":"https://fd8-photos.leclercdrive.fr/image.ashx?id=2671789&use=l&cat=p&typeid=i","cat":284409},{"id":135245,"n":"Salade mélangée Eco+ 250g","p":0.75,"u":"3,00 €/KG","img":"https://fd8-photos.leclercdrive.fr/image.ashx?id=2113898&use=l&cat=p&typeid=i","cat":284353},{"id":135246,"n":"Crème fraiche Eco+ Légère - 15% MG - 50cl","p":1.35,"u":"2,70 €/L","img":"https://fd8-photos.leclercdrive.fr/image.ashx?id=2891869&use=l&cat=p&typeid=i","cat":284381},{"id":135255,"n":"Crème fraiche épaisse Yoplait Légère 12%MG - 190g","p":0.78,"u":"4,11 €/KG","img":"https://fd8-photos.leclercdrive.fr/image.ashx?id=2811035&use=l&cat=p&typeid=i","cat":284381},{"id":135270,"n":"Pomme de terre rouge Vapeur  Sautées Panier du Primeur - 2kg","p":2.29,"u":"1,15 €/KG","img":"https://fd8-photos.leclercdrive.fr/image.ashx?id=2959638&use=l&cat=p&typeid=i","cat":284352},{"id":135271,"n":"Lait demi-écrémé Eco+ UHT Bouteille -  6x1L","p":5.76,"u":"0,96 €/L","img":"https://fd8-photos.leclercdrive.fr/image.ashx?id=2100757&use=l&cat=p&typeid=i","cat":284377},{"id":135274,"n":"Pomme de terre pour frites Panier du Primeur - 2kg","p":2.29,"u":"1,15 €/KG","img":"https://fd8-photos.leclercdrive.fr/image.ashx?id=2959737&use=l&cat=p&typeid=i","cat":284352},{"id":135276,"n":"Pomme de terre Panier Primeur Micro-ondes - 750g","p":1.79,"u":"2,39 €/KG","img":"https://fd8-photos.leclercdrive.fr/image.ashx?id=2649903&use=l&cat=p&typeid=i","cat":284352},{"id":135279,"n":"Ail violet Panier du Primeur x3","p":2.99,"u":"1,00 €/P","img":"https://fd8-photos.leclercdrive.fr/image.ashx?id=2960520&use=l&cat=p&typeid=i","cat":284352},{"id":135282,"n":"Oignons sauciers Filière Panier du Primeur Filet 500g","p":1.49,"u":"2,98 €/KG","img":"https://fd8-photos.leclercdrive.fr/image.ashx?id=2966370&use=l&cat=p&typeid=i","cat":284352},{"id":135343,"n":"Râpé 3 fromages Les Croisés  Format familial - 350g","p":3.12,"u":"8,91 €/KG","img":"https://fd8-photos.leclercdrive.fr/image.ashx?id=2959734&use=l&cat=p&typeid=i","cat":314035},{"id":135425,"n":"Kit French tacos Old El Paso doux - 385g","p":4.3,"u":"11,17 €/KG","img":"https://fd8-photos.leclercdrive.fr/image.ashx?id=2759718&use=l&cat=p&typeid=i","cat":288993},{"id":135429,"n":"Pommes Dauphine Findus 540g","p":3.19,"u":"5,91 €/KG","img":"https://fd8-photos.leclercdrive.fr/image.ashx?id=2009954&use=l&cat=p&typeid=i","cat":319792},{"id":135444,"n":"Croco Baby -30% de sucre Haribo Sachet bonbons - 165g","p":1.29,"u":"7,82 €/KG","img":"https://fd8-photos.leclercdrive.fr/image.ashx?id=2806111&use=l&cat=p&typeid=i","cat":304250},{"id":135454,"n":"Brioche tranchée Harrys Nature sans additif Maxi - 680g","p":3.39,"u":"4,99 €/KG","img":"https://fd8-photos.leclercdrive.fr/image.ashx?id=2503022&use=l&cat=p&typeid=i","cat":284478},{"id":135456,"n":"Brioche tranchée Harrys Nature / Sans additifs - 485 g","p":2.36,"u":"4,87 €/KG","img":"https://fd8-photos.leclercdrive.fr/image.ashx?id=2503019&use=l&cat=p&typeid=i","cat":284478},{"id":135457,"n":"Brioche tranchée Harrys Farine complète - 485g","p":3.45,"u":"7,11 €/KG","img":"https://fd8-photos.leclercdrive.fr/image.ashx?id=2503025&use=l&cat=p&typeid=i","cat":284478},{"id":135458,"n":"Brioche tranchée nature Harrys Allégée en sucre - 485g","p":3.19,"u":"6,58 €/KG","img":"https://fd8-photos.leclercdrive.fr/image.ashx?id=2503031&use=l&cat=p&typeid=i","cat":284478},{"id":135459,"n":"Brioche Tranchée Harrys Pépites de chocolat - 485g","p":2.89,"u":"5,96 €/KG","img":"https://fd8-photos.leclercdrive.fr/image.ashx?id=2503028&use=l&cat=p&typeid=i","cat":284478},{"id":135481,"n":"Barres céréales Nesquik Chocolat - 12x25g","p":4.01,"u":"13,37 €/KG","img":"https://fd8-photos.leclercdrive.fr/image.ashx?id=2843225&use=l&cat=p&typeid=i","cat":285869},{"id":135533,"n":"Chocolat noir Les Citronettes Les Chevaliers d'Argouges 170g","p":6.37,"u":"37,47 €/KG","img":"https://fd8-photos.leclercdrive.fr/image.ashx?id=2842732&use=l&cat=p&typeid=i","cat":327601},{"id":135535,"n":"Chocolat noir Les orangettes Les Chevaliers d'Argouges  190g","p":6.37,"u":"33,53 €/KG","img":"https://fd8-photos.leclercdrive.fr/image.ashx?id=2842729&use=l&cat=p&typeid=i","cat":327601},{"id":135758,"n":"Jambon Supérieur VPF Tradilège A l'étouffée Découennéx10 -400g","p":5.12,"u":"12,80 €/KG","img":"https://fd8-photos.leclercdrive.fr/image.ashx?id=2970477&use=l&cat=p&typeid=i","cat":316009},{"id":135780,"n":"Petits pots bébé P'TITE RECETTE Cabillaud 8M+ - 2x200g","p":1.88,"u":"4,70 €/KG","img":"https://fd8-photos.leclercdrive.fr/image.ashx?id=2525717&use=l&cat=p&typeid=i","cat":312236},{"id":135927,"n":"Cluedo Dès 8 ans","p":25.49,"img":"https://fd8-photos.leclercdrive.fr/image.ashx?id=2293165&use=l&cat=p&typeid=i","cat":334378},{"id":135958,"n":"Panic cafard  Ravensburger Dès 5 ans","p":26.05,"u":"Dont 0,02 € d'éco-part.","img":"https://fd8-photos.leclercdrive.fr/image.ashx?id=2937664&use=l&cat=p&typeid=i","cat":334378},{"id":136185,"n":"Lamborghini Hurican GT3 Orange - Radio commandée","p":19.55,"u":"Dont 0,20 € d'éco-part.","img":"https://fd8-photos.leclercdrive.fr/image.ashx?id=1982208&use=l&cat=p&typeid=i","cat":334382},{"id":136259,"n":"Morgan et ses animaux Chat - Kidway - Dès 3 ans","p":12.9,"img":"https://fd8-photos.leclercdrive.fr/image.ashx?id=1990486&use=l&cat=p&typeid=i","cat":334379},{"id":136362,"n":"AOC Côtes du Rhône rouge Réserve de Bonpas - 75cl","p":5.39,"u":"7,19 €/L","img":"https://fd8-photos.leclercdrive.fr/image.ashx?id=2991202&use=l&cat=p&typeid=i","cat":289556},{"id":136373,"n":"Boîte chocolats Ferrero Rocher x27 pralines - 337g","p":10.8,"u":"31,95 €/KG","img":"https://fd8-photos.leclercdrive.fr/image.ashx?id=2940522&use=l&cat=p&typeid=i","cat":327600},{"id":136444,"n":"Savane choco noir 310g","p":2.79,"u":"9,00 €/KG","img":"https://fd8-photos.leclercdrive.fr/image.ashx?id=2881449&use=l&cat=p&typeid=i","cat":294776},{"id":136445,"n":"Gateau marbré Savane Chocolat - 310g","p":2.79,"u":"9,00 €/KG","img":"https://fd8-photos.leclercdrive.fr/image.ashx?id=2870719&use=l&cat=p&typeid=i","cat":294776},{"id":136450,"n":"Blé à l'Huile d'Olive Ebly Express 2mn - 220g","p":1.38,"u":"6,27 €/KG","img":"https://fd8-photos.leclercdrive.fr/image.ashx?id=1989105&use=l&cat=p&typeid=i","cat":284429},{"id":136456,"n":"Lait bébé Candia Baby 2ème âge - 6x1L","p":12.35,"u":"2,06 €/L","img":"https://fd8-photos.leclercdrive.fr/image.ashx?id=2773703&use=l&cat=p&typeid=i","cat":284727},{"id":136457,"n":"Pain grillé original Pasquier 415g","p":2.69,"u":"6,48 €/KG","img":"https://fd8-photos.leclercdrive.fr/image.ashx?id=2943957&use=l&cat=p&typeid=i","cat":284479},{"id":136507,"n":"Gros sel marin Bjorg Gris - 1 kg","p":1.5,"u":"1,50 €/KG","img":"https://fd8-photos.leclercdrive.fr/image.ashx?id=2105320&use=l&cat=p&typeid=i","cat":284457},{"id":136509,"n":"Sel et herbes Essentiel Bio 250g","p":2.44,"u":"9,76 €/KG","img":"https://fd8-photos.leclercdrive.fr/image.ashx?id=2560888&use=l&cat=p&typeid=i","cat":284457},{"id":136579,"n":"Soupe liquide brique Liebig  Velouté de 12 légumes - 1L","p":2.04,"u":"2,04 €/L","img":"https://fd8-photos.leclercdrive.fr/image.ashx?id=2172645&use=l&cat=p&typeid=i","cat":284462},{"id":136580,"n":"Soupe liquide brique Liebig  Mouliné de 12 légumes - 1L","p":2.25,"u":"2,25 €/L","img":"https://fd8-photos.leclercdrive.fr/image.ashx?id=2172642&use=l&cat=p&typeid=i","cat":284462},{"id":136585,"n":"Plat bébé soir Blédiner 15 mois pâtes crème légumes - 2x200g","p":2.29,"u":"5,73 €/KG","img":"https://fd8-photos.leclercdrive.fr/image.ashx?id=2845859&use=l&cat=p&typeid=i","cat":312239},{"id":136598,"n":"Compote Bio Village Gourdes Pomme bio - 12x90g","p":5.25,"u":"4,86 €/KG","img":"https://fd8-photos.leclercdrive.fr/image.ashx?id=2330517&use=l&cat=p&typeid=i","cat":284508},{"id":136607,"n":"Protège lingerie long Tadam Dermo-sensitives bio - x24","p":1.84,"img":"https://fd8-photos.leclercdrive.fr/image.ashx?id=2754767&use=l&cat=p&typeid=i","cat":284625},{"id":136627,"n":"Pad Thai Céréal Bio  Bio repas express - 220g","p":2.25,"u":"10,23 €/KG","img":"https://fd8-photos.leclercdrive.fr/image.ashx?id=2574089&use=l&cat=p&typeid=i","cat":288992},{"id":136638,"n":"Biscuit cacao céréales Gerblé   - 160g","p":2.99,"u":"18,69 €/KG","img":"https://fd8-photos.leclercdrive.fr/image.ashx?id=2810798&use=l&cat=p&typeid=i","cat":318651},{"id":136646,"n":"Bonbons Tic Tac 100 pastilles Festival de goûts - 49g","p":1.89,"u":"38,57 €/KG","img":"https://fd8-photos.leclercdrive.fr/image.ashx?id=2758607&use=l&cat=p&typeid=i","cat":304256},{"id":136668,"n":"Champignons de Paris bruns Panier du Primeur - 250g","p":1.79,"u":"7,16 €/KG","img":"https://fd8-photos.leclercdrive.fr/image.ashx?id=2600255&use=l&cat=p&typeid=i","cat":284352},{"id":136671,"n":"Pommes bicolores Panier Primeur HVE - Sachet 1.5kg","p":2.99,"u":"1,99 €/KG","img":"https://fd8-photos.leclercdrive.fr/image.ashx?id=2928279&use=l&cat=p&typeid=i","cat":284356},{"id":136692,"n":"Orangettes Révillon Chocolat - 185g","p":8.18,"u":"44,22 €/KG","img":"https://fd8-photos.leclercdrive.fr/image.ashx?id=2966971&use=l&cat=p&typeid=i","cat":327601},{"id":136777,"n":"Sachet chat Felix Succulent Campagne - 12x80g","p":5.59,"u":"5,82 €/KG","img":"https://fd8-photos.leclercdrive.fr/image.ashx?id=2861186&use=l&cat=p&typeid=i","cat":285286},{"id":136808,"n":"Biscuit pistache abricot Gerblé  - 160g","p":3.25,"u":"20,31 €/KG","img":"https://fd8-photos.leclercdrive.fr/image.ashx?id=2812711&use=l&cat=p&typeid=i","cat":318651},{"id":136813,"n":"Biscuits Bruges Delacre Boîte Assortiment - 200g","p":3.09,"u":"15,45 €/KG","img":"https://fd8-photos.leclercdrive.fr/image.ashx?id=2867966&use=l&cat=p&typeid=i","cat":284490},{"id":136814,"n":"Barre céréales Chocapic  Chocolat - 12x25g","p":4.09,"u":"13,63 €/KG","img":"https://fd8-photos.leclercdrive.fr/image.ashx?id=2846784&use=l&cat=p&typeid=i","cat":285869},{"id":136878,"n":"Morgan et ses animaux Chien - Kidway - Dès 3 ans","p":12.9,"img":"https://fd8-photos.leclercdrive.fr/image.ashx?id=1990489&use=l&cat=p&typeid=i","cat":334379},{"id":136895,"n":"Véhicule de chantier Road loader - Dès 3 ans","p":14.95,"u":"Dont 0,20 € d'éco-part.","img":"https://fd8-photos.leclercdrive.fr/image.ashx?id=1982424&use=l&cat=p&typeid=i","cat":334382},{"id":137060,"n":"Compote Bio Village Gourdes Pomme bio - 4x90g","p":1.91,"u":"5,31 €/KG","img":"https://fd8-photos.leclercdrive.fr/image.ashx?id=2619755&use=l&cat=p&typeid=i","cat":284508},{"id":137070,"n":"Petits pois Bio Village Bio - 420g","p":2.35,"u":"5,60 €/KG","img":"https://fd8-photos.leclercdrive.fr/image.ashx?id=3002707&use=l&cat=p&typeid=i","cat":312607},{"id":137160,"n":"IGP Clémentines fines de Corse Nos régions ont du Talent - 1kg","p":4.99,"u":"4,99 €/KG","img":"https://fd8-photos.leclercdrive.fr/image.ashx?id=2934847&use=l&cat=p&typeid=i","cat":284356},{"id":137228,"n":"Sucre en poudre Saint Louis 650g","p":1.95,"u":"3,00 €/KG","img":"https://fd8-photos.leclercdrive.fr/image.ashx?id=2659936&use=l&cat=p&typeid=i","cat":284502},{"id":137244,"n":"Huile d'Olive vierge  Cauvin Extra Bio - 75cl","p":10.05,"u":"13,40 €/L","img":"https://fd8-photos.leclercdrive.fr/image.ashx?id=2498356&use=l&cat=p&typeid=i","cat":284453},{"id":137285,"n":"Whisky Jack Daniel's Single Barrel Coffret 70cL","p":35.6,"u":"50,86 €/L","img":"https://fd8-photos.leclercdrive.fr/image.ashx?id=2538965&use=l&cat=p&typeid=i","cat":284547},{"id":137289,"n":"Yaourt à boire Ptit Yop Aromatisé Framboise - 6x180g","p":2.79,"u":"2,58 €/KG","img":"https://fd8-photos.leclercdrive.fr/image.ashx?id=2951797&use=l&cat=p&typeid=i","cat":284415},{"id":137298,"n":"Yaourt à boire Ptit Yop Aromatisé Panaché - 6x180g","p":2.43,"u":"2,25 €/KG","img":"https://fd8-photos.leclercdrive.fr/image.ashx?id=2985168&use=l&cat=p&typeid=i","cat":284415},{"id":137305,"n":"Lessive concentrée Biovie Peaux sensibles 40 lavages - 2L","p":9.05,"u":"4,53 €/L","img":"https://fd8-photos.leclercdrive.fr/image.ashx?id=2849995&use=l&cat=p&typeid=i","cat":284640},{"id":137325,"n":"Lait bébé Candia Baby  croissance 3ème âge - 6x25cl","p":4.06,"u":"2,71 €/L","img":"https://fd8-photos.leclercdrive.fr/image.ashx?id=2963346&use=l&cat=p&typeid=i","cat":284728},{"id":137382,"n":"Spray retouche L'Oréal Paris Magic Retouch Châtain Clair","p":11.25,"u":"15,00 €/L","img":"https://fd8-photos.leclercdrive.fr/image.ashx?id=2597196&use=l&cat=p&typeid=i","cat":288899},{"id":137384,"n":"Déodorant bille Men Expert Efficacité 48h - 50ml","p":2.57,"u":"51,40 €/L","img":"https://fd8-photos.leclercdrive.fr/image.ashx?id=2300512&use=l&cat=p&typeid=i","cat":284618},{"id":137388,"n":"Gel Douche Bio Sans Savon Cadum Huile d'Amandes Douces - 500ml","p":2.49,"u":"4,98 €/L","img":"https://fd8-photos.leclercdrive.fr/image.ashx?id=2575627&use=l&cat=p&typeid=i","cat":284594},{"id":137413,"n":"Pommes Duchesse Findus 720g","p":3.19,"u":"4,43 €/KG","img":"https://fd8-photos.leclercdrive.fr/image.ashx?id=2888512&use=l&cat=p&typeid=i","cat":319792},{"id":137414,"n":"Pommes Étoile 720g","p":3.19,"u":"4,43 €/KG","img":"https://fd8-photos.leclercdrive.fr/image.ashx?id=2023134&use=l&cat=p&typeid=i","cat":319792},{"id":137425,"n":"Masque Fructis Hairfood Eclat Goji - 390ml","p":7.73,"u":"19,82 €/L","img":"https://fd8-photos.leclercdrive.fr/image.ashx?id=2308036&use=l&cat=p&typeid=i","cat":284608},{"id":137427,"n":"Soin Nutri-correcteur Dessange Cheveux Blonds, Colorés - 125ml","p":6.05,"u":"48,40 €/L","img":"https://fd8-photos.leclercdrive.fr/image.ashx?id=2870689&use=l&cat=p&typeid=i","cat":284608},{"id":137436,"n":"Masque Protection Couleur Elsève Color-Vive - 310ml","p":5.14,"u":"16,58 €/L","img":"https://fd8-photos.leclercdrive.fr/image.ashx?id=2865875&use=l&cat=p&typeid=i","cat":284608},{"id":137437,"n":"gateau Savane Brossard Chocolat - 310g","p":2.85,"u":"9,19 €/KG","img":"https://fd8-photos.leclercdrive.fr/image.ashx?id=2976836&use=l&cat=p&typeid=i","cat":294776},{"id":137567,"n":"Père Noel Smarties Vert - 85g","p":2.12,"u":"24,94 €/KG","img":"https://fd8-photos.leclercdrive.fr/image.ashx?id=1985745&use=l&cat=p&typeid=i","cat":284958},{"id":137648,"n":"Risotto aux fruits de mer Costa 600g","p":5.41,"u":"9,02 €/KG","img":"https://fd8-photos.leclercdrive.fr/image.ashx?id=2768249&use=l&cat=p&typeid=i","cat":284254},{"id":137667,"n":"Yaourts brassé Bio Village Bio framboise - x4 - 500g","p":1.85,"u":"3,70 €/KG","img":"https://fd8-photos.leclercdrive.fr/image.ashx?id=2804196&use=l&cat=p&typeid=i","cat":284410},{"id":137669,"n":"Croquette chiens Mix  Fido Volaille/légumes - 2.5kg","p":5.33,"u":"2,13 €/KG","img":"https://fd8-photos.leclercdrive.fr/image.ashx?id=2973309&use=l&cat=p&typeid=i","cat":284672},{"id":137680,"n":"Croquette pour chien  Fido Croq' Mix boeuf et légumes 3kg","p":5.69,"u":"1,90 €/KG","img":"https://fd8-photos.leclercdrive.fr/image.ashx?id=2973306&use=l&cat=p&typeid=i","cat":284672},{"id":137682,"n":"Croquette pour chiens Fido Mix Poulet Légumes - 12 kg","p":19.37,"u":"1,61 €/KG","img":"https://fd8-photos.leclercdrive.fr/image.ashx?id=2973300&use=l&cat=p&typeid=i","cat":284672},{"id":137686,"n":"Croquette pour chiens Fido Boeuf & légumes - 7kg","p":12.38,"u":"1,77 €/KG","img":"https://fd8-photos.leclercdrive.fr/image.ashx?id=2973297&use=l&cat=p&typeid=i","cat":284672},{"id":137700,"n":"Compote Douceur du Verger Coupelle fruits rouges -16x100g","p":4.21,"u":"2,63 €/KG","img":"https://fd8-photos.leclercdrive.fr/image.ashx?id=2663560&use=l&cat=p&typeid=i","cat":284508},{"id":137702,"n":"Compote Douceur du Verger Coupelle fruits jaunes -16x100g","p":3.97,"u":"2,48 €/KG","img":"https://fd8-photos.leclercdrive.fr/image.ashx?id=2834890&use=l&cat=p&typeid=i","cat":284508},{"id":137703,"n":"Compote Douceur du Verger Coupelle pomme - 16x100g","p":3.55,"u":"2,22 €/KG","img":"https://fd8-photos.leclercdrive.fr/image.ashx?id=2991452&use=l&cat=p&typeid=i","cat":284508},{"id":137713,"n":"Préparation Flan Entremets alsa Chocolat - 192g","p":1.77,"u":"7,63 €/KG","img":"https://fd8-photos.leclercdrive.fr/image.ashx?id=2842546&use=l&cat=p&typeid=i","cat":284505},{"id":137735,"n":"Feuilletés fromage Côté Table 2x120g","p":2.89,"u":"12,04 €/KG","img":"https://fd8-photos.leclercdrive.fr/image.ashx?id=1986677&use=l&cat=p&typeid=i","cat":333671},{"id":137742,"n":"Café en grain Folliet  À l'ancienne - 500g","p":11.4,"u":"22,80 €/KG","img":"https://fd8-photos.leclercdrive.fr/image.ashx?id=2666893&use=l&cat=p&typeid=i","cat":293237},{"id":137744,"n":"Café en grains Folliet Le café de Philomène - 1kg","p":23.8,"u":"23,80 €/KG","img":"https://fd8-photos.leclercdrive.fr/image.ashx?id=2748428&use=l&cat=p&typeid=i","cat":293237},{"id":137752,"n":"Café moulu Folliet Guatemala Bio - 250g","p":5.11,"u":"20,44 €/KG","img":"https://fd8-photos.leclercdrive.fr/image.ashx?id=2015642&use=l&cat=p&typeid=i","cat":284750},{"id":137754,"n":"Barquettes chat Gourmet  Coffret de la mer - 8x85g","p":6.09,"u":"8,96 €/KG","img":"https://fd8-photos.leclercdrive.fr/image.ashx?id=2861770&use=l&cat=p&typeid=i","cat":285286},{"id":137757,"n":"Tarte aux poireaux Marie Gratinée à l'Emmental - 400g","p":3.75,"u":"9,38 €/KG","img":"https://fd8-photos.leclercdrive.fr/image.ashx?id=2996680&use=l&cat=p&typeid=i","cat":284257},{"id":137759,"n":"Tarte au Chèvre Marie Tomates cerises - 400g","p":3.15,"u":"7,88 €/KG","img":"https://fd8-photos.leclercdrive.fr/image.ashx?id=2996677&use=l&cat=p&typeid=i","cat":284257},{"id":137769,"n":"Soupe liquide brique Liebig  Poireaux Pomme de Terre 2x30cl","p":1.99,"u":"3,32 €/L","img":"https://fd8-photos.leclercdrive.fr/image.ashx?id=2864327&use=l&cat=p&typeid=i","cat":284462},{"id":137772,"n":"Pancakes La fournée Dorée 350g","p":2.89,"u":"8,26 €/KG","img":"https://fd8-photos.leclercdrive.fr/image.ashx?id=2581502&use=l&cat=p&typeid=i","cat":284495},{"id":137777,"n":"Haricots verts Bonduelle Extra Fins 440g","p":1.95,"u":"4,43 €/KG","img":"https://fd8-photos.leclercdrive.fr/image.ashx?id=2943927&use=l&cat=p&typeid=i","cat":312606},{"id":137803,"n":"Vin Maroc Boulaouane Cabernet Sauvignon Merlot 12%vol 75cl","p":2.92,"u":"3,89 €/L","img":"https://fd8-photos.leclercdrive.fr/image.ashx?id=2179359&use=l&cat=p&typeid=i","cat":289556},{"id":137811,"n":"Whisky William Lawson's Vanilla Spiced - 35%vol - 70cl","p":12.51,"u":"17,87 €/L","img":"https://fd8-photos.leclercdrive.fr/image.ashx?id=2024984&use=l&cat=p&typeid=i","cat":284547},{"id":137814,"n":"Arrangé HSE Ananas Thé Vert 32%vol - 70cl","p":22.59,"u":"32,27 €/L","img":"https://fd8-photos.leclercdrive.fr/image.ashx?id=1987077&use=l&cat=p&typeid=i","cat":284551},{"id":137860,"n":"Riz long blanchi Eco+ 1kg","p":1.22,"u":"1,22 €/KG","img":"https://fd8-photos.leclercdrive.fr/image.ashx?id=2076622&use=l&cat=p&typeid=i","cat":284428},{"id":137861,"n":"Thé noir bio Bio Village English Breakfast x20 - 36g","p":1.25,"u":"34,72 €/KG","img":"https://fd8-photos.leclercdrive.fr/image.ashx?id=1987003&use=l&cat=p&typeid=i","cat":293233},{"id":137862,"n":"Riz long étuvé Eco+ 1kg","p":1.35,"u":"1,35 €/KG","img":"https://fd8-photos.leclercdrive.fr/image.ashx?id=2076625&use=l&cat=p&typeid=i","cat":284428},{"id":137864,"n":"Riz long étuvé Eco+ 4x125g","p":0.87,"u":"1,74 €/KG","img":"https://fd8-photos.leclercdrive.fr/image.ashx?id=1991126&use=l&cat=p&typeid=i","cat":284428},{"id":137865,"n":"Compote SSA Douceur du Verger Gourdes Pomme Poire - 4x90g","p":1.23,"u":"3,42 €/KG","img":"https://fd8-photos.leclercdrive.fr/image.ashx?id=2837069&use=l&cat=p&typeid=i","cat":284508},{"id":137866,"n":"Compotes Douceur du Verger Pomme Banane - 4x90g","p":1.39,"u":"3,86 €/KG","img":"https://fd8-photos.leclercdrive.fr/image.ashx?id=2837066&use=l&cat=p&typeid=i","cat":284508},{"id":137892,"n":"Biscottes bio Bio Village sans sel ni sucres ajoutés 100g","p":2.09,"u":"6,97 €/KG","img":"https://fd8-photos.leclercdrive.fr/image.ashx?id=1987015&use=l&cat=p&typeid=i","cat":284479},{"id":137897,"n":"Bretzels bio Bio Village 150g","p":1.99,"u":"13,27 €/KG","img":"https://fd8-photos.leclercdrive.fr/image.ashx?id=2390663&use=l&cat=p&typeid=i","cat":297000},{"id":137900,"n":"Barres de céréales Grainéa Chocolat noir x6 - 126g","p":1.39,"u":"11,03 €/KG","img":"https://fd8-photos.leclercdrive.fr/image.ashx?id=2721370&use=l&cat=p&typeid=i","cat":285869},{"id":137904,"n":"Barre de céréales Grainea 126g","p":1.39,"u":"11,03 €/KG","img":"https://fd8-photos.leclercdrive.fr/image.ashx?id=2912863&use=l&cat=p&typeid=i","cat":285869},{"id":137907,"n":"Compote Douceur du Verger Coupelle pomme mangue - 4x100g","p":1.45,"u":"3,63 €/KG","img":"https://fd8-photos.leclercdrive.fr/image.ashx?id=2663548&use=l&cat=p&typeid=i","cat":284508},{"id":137910,"n":"Compote Douceur du Verger Gourdes multivariétés - 20x90g","p":6.09,"u":"3,38 €/KG","img":"https://fd8-photos.leclercdrive.fr/image.ashx?id=2805045&use=l&cat=p&typeid=i","cat":284508},{"id":137955,"n":"Maïs ultra croquant D'Aucy 3x140g","p":2.29,"u":"5,45 €/KG","img":"https://fd8-photos.leclercdrive.fr/image.ashx?id=2429215&use=l&cat=p&typeid=i","cat":312611},{"id":137957,"n":"Maïs ultra croquant D'Aucy 285g","p":0.9,"u":"3,16 €/KG","img":"https://fd8-photos.leclercdrive.fr/image.ashx?id=2380454&use=l&cat=p&typeid=i","cat":312611},{"id":137969,"n":"Pavé fondant emmental Président 2 pièces - 200g","p":3.75,"u":"18,75 €/KG","img":"https://fd8-photos.leclercdrive.fr/image.ashx?id=2856088&use=l&cat=p&typeid=i","cat":314027},{"id":137971,"n":"Carottes rapées à la Ciboulette Pierre Martinet - 510g","p":2.15,"u":"4,22 €/KG","img":"https://fd8-photos.leclercdrive.fr/image.ashx?id=2990532&use=l&cat=p&typeid=i","cat":333657},{"id":137972,"n":"Camembert Président L'Extra Fondant - 250g","p":2.84,"u":"11,36 €/KG","img":"https://fd8-photos.leclercdrive.fr/image.ashx?id=2878879&use=l&cat=p&typeid=i","cat":314033},{"id":138057,"n":"Collerettes Lustucru Aux œufs - 500g","p":1.52,"u":"3,04 €/KG","img":"https://fd8-photos.leclercdrive.fr/image.ashx?id=2505756&use=l&cat=p&typeid=i","cat":284427},{"id":138076,"n":"Foie gras de canard Delpeyrat Entier du Sud-ouest - 180 g","p":23.5,"pp":15.51,"u":"86,17 €/KG","img":"https://fd8-photos.leclercdrive.fr/image.ashx?id=2905279&use=l&cat=p&typeid=i","cat":316008},{"id":138159,"n":"Chargeur Basic' Foxter avec 2 accumulateurs","p":10.5,"u":"Dont 0,10 € d'éco-part.","img":"https://fd8-photos.leclercdrive.fr/image.ashx?id=2039000&use=l&cat=p&typeid=i","cat":300572},{"id":138160,"n":"Piles rechargeables Foxter RTU R14 3000mAh","p":7.99,"img":"https://fd8-photos.leclercdrive.fr/image.ashx?id=2034163&use=l&cat=p&typeid=i","cat":300572},{"id":138164,"n":"Piles rechargeables Foxter R20 300mAh chargé - x1","p":7.99,"img":"https://fd8-photos.leclercdrive.fr/image.ashx?id=2034166&use=l&cat=p&typeid=i","cat":300572},{"id":138171,"n":"Piles rechargeables Foxter R22 - 200mAh - x1","p":4.69,"img":"https://fd8-photos.leclercdrive.fr/image.ashx?id=2034169&use=l&cat=p&typeid=i","cat":300572},{"id":138193,"n":"Fromage blanc bébé Blédina 6m Vanille - 4x100g","p":2.5,"u":"6,25 €/KG","img":"https://fd8-photos.leclercdrive.fr/image.ashx?id=2636817&use=l&cat=p&typeid=i","cat":312392},{"id":138199,"n":"Repas bébé Blédichef 15 mois  Colombo de riz poisson - 250g","p":1.85,"u":"7,40 €/KG","img":"https://fd8-photos.leclercdrive.fr/image.ashx?id=2951599&use=l&cat=p&typeid=i","cat":312238},{"id":138306,"n":"Gratin de choux fleurs jambon Fleury Michon - Lot 2+1 - 840g","p":5.47,"u":"6,51 €/KG","img":"https://fd8-photos.leclercdrive.fr/image.ashx?id=2047445&use=l&cat=p&typeid=i","cat":333665},{"id":138318,"n":"Savane Bipack Chocolat Brossard - 620g","p":5.09,"u":"8,21 €/KG","img":"https://fd8-photos.leclercdrive.fr/image.ashx?id=2966086&use=l&cat=p&typeid=i","cat":294776},{"id":138508,"n":"Camion benne Man et chargeur Bruder - Dès 3 ans","p":24.9,"img":"https://fd8-photos.leclercdrive.fr/image.ashx?id=1993264&use=l&cat=p&typeid=i","cat":334382},{"id":138537,"n":"Coloration Casting Crème Gloss  400 Châtain Craquant","p":7.38,"img":"https://fd8-photos.leclercdrive.fr/image.ashx?id=2869080&use=l&cat=p&typeid=i","cat":288899},{"id":138590,"n":"Sapin artificiel 150cm","p":12.9,"img":"https://fd8-photos.leclercdrive.fr/image.ashx?id=1993628&use=l&cat=p&typeid=i","cat":335913},{"id":138621,"n":"Whisky Togouchi Beer C. Finish 40% - 70cl","p":42.5,"u":"60,71 €/L","img":"https://fd8-photos.leclercdrive.fr/image.ashx?id=2966764&use=l&cat=p&typeid=i","cat":284547},{"id":138626,"n":"Gin japonais Sakurao classic 40% vol - 70cl","p":31.55,"u":"45,07 €/L","img":"https://fd8-photos.leclercdrive.fr/image.ashx?id=2565347&use=l&cat=p&typeid=i","cat":284550},{"id":138627,"n":"Whisky Mars Kasei 40% - 70cl","p":38.69,"u":"55,27 €/L","img":"https://fd8-photos.leclercdrive.fr/image.ashx?id=2094919&use=l&cat=p&typeid=i","cat":284547},{"id":138631,"n":"Whisky Isle of Jura 10 ans 40% - 70cl","p":34.43,"u":"49,19 €/L","img":"https://fd8-photos.leclercdrive.fr/image.ashx?id=2002744&use=l&cat=p&typeid=i","cat":284547},{"id":138669,"n":"Masque reconstructeur Elsève Dream Long Cheveu Abîmé - 310ml","p":5.1,"u":"16,45 €/L","img":"https://fd8-photos.leclercdrive.fr/image.ashx?id=2278139&use=l&cat=p&typeid=i","cat":284608},{"id":139391,"n":"Chocolat aux noisettes Africano Gianduja noisettes entière 200g","p":6.97,"u":"34,85 €/KG","img":"https://fd8-photos.leclercdrive.fr/image.ashx?id=2368384&use=l&cat=p&typeid=i","cat":327595},{"id":139453,"n":"KitKat Chocolat Noël Moulage Père Noël - 85g","p":2.89,"u":"34,00 €/KG","img":"https://fd8-photos.leclercdrive.fr/image.ashx?id=2901575&use=l&cat=p&typeid=i","cat":327592},{"id":139951,"n":"Sapin artificiel 180cm standard","p":14.9,"img":"https://fd8-photos.leclercdrive.fr/image.ashx?id=1997352&use=l&cat=p&typeid=i","cat":335921},{"id":140034,"n":"Calendrier de l'avent Stitch 375g","p":5.44,"img":"https://fd8-photos.leclercdrive.fr/image.ashx?id=2667916&use=l&cat=p&typeid=i","cat":334383},{"id":140036,"n":"Calendrier de l'avent 1 pièce","p":7.36,"img":"https://fd8-photos.leclercdrive.fr/image.ashx?id=1999138&use=l&cat=p&typeid=i","cat":334383},{"id":140061,"n":"Le château de la reine Dès 2 ans","p":39.42,"u":"Dont 0,20 € d'éco-part.","img":"https://fd8-photos.leclercdrive.fr/image.ashx?id=2578342&use=l&cat=p&typeid=i","cat":334380},{"id":140188,"n":"Veilleuse Lumi mouton nuit enchantée - Dès la naissance","p":69.72,"u":"Dont 0,07 € d'éco-part.","img":"https://fd8-photos.leclercdrive.fr/image.ashx?id=2388730&use=l&cat=p&typeid=i","cat":334378},{"id":140234,"n":"Peluche Star Wars baby yoda Dès 3 ans","p":46.71,"pp":30.83,"img":"https://fd8-photos.leclercdrive.fr/image.ashx?id=2203172&use=l&cat=p&typeid=i","cat":334379},{"id":140274,"n":"Poupon Baby alive - bébé grandit - Dès 3 ans","p":43.97,"u":"Dont 0,13 € d'éco-part.","img":"https://fd8-photos.leclercdrive.fr/image.ashx?id=2359969&use=l&cat=p&typeid=i","cat":334379},{"id":140471,"n":"Citadelle Novelmore A partir de 3 ans","p":70.44,"img":"https://fd8-photos.leclercdrive.fr/image.ashx?id=1999939&use=l&cat=p&typeid=i","cat":334380},{"id":140519,"n":"Box lavage pour chevaux A partir de 3 ans","p":17.52,"img":"https://fd8-photos.leclercdrive.fr/image.ashx?id=1999693&use=l&cat=p&typeid=i","cat":334380},{"id":141162,"n":"Fond de veau Maggi 110g","p":2.54,"u":"23,09 €/KG","img":"https://fd8-photos.leclercdrive.fr/image.ashx?id=2917546&use=l&cat=p&typeid=i","cat":288379},{"id":141568,"n":"Rummikub boite metal Dès 8 ans","p":36.51,"img":"https://fd8-photos.leclercdrive.fr/image.ashx?id=2336446&use=l&cat=p&typeid=i","cat":334380},{"id":141805,"n":"Repas Felix Tasty Purina Saumon thon 12x80g","p":5.6,"u":"5,83 €/KG","img":"https://fd8-photos.leclercdrive.fr/image.ashx?id=2478417&use=l&cat=p&typeid=i","cat":285286},{"id":141809,"n":"Friandise pour chat Dentalife Poulet - 40g","p":1.04,"u":"26,00 €/KG","img":"https://fd8-photos.leclercdrive.fr/image.ashx?id=2424716&use=l&cat=p&typeid=i","cat":285285},{"id":141810,"n":"Croquette Purina One Chat difficile  Cabillaud 1.5kg","p":7.82,"u":"5,21 €/KG","img":"https://fd8-photos.leclercdrive.fr/image.ashx?id=2477871&use=l&cat=p&typeid=i","cat":284680},{"id":141813,"n":"Croquettes Purina One Maxi Active Poulet - 7kg","p":17.81,"u":"2,54 €/KG","img":"https://fd8-photos.leclercdrive.fr/image.ashx?id=2461282&use=l&cat=p&typeid=i","cat":284672},{"id":142084,"n":"Pommes de terre Grenailles  Panier du Primeur - 1kg","p":2.18,"u":"2,18 €/KG","img":"https://fd8-photos.leclercdrive.fr/image.ashx?id=2233214&use=l&cat=p&typeid=i","cat":284352},{"id":142444,"n":"Champagne brut Lanson Le Black - 75cl","p":34.17,"u":"45,56 €/L","img":"https://fd8-photos.leclercdrive.fr/image.ashx?id=2919757&use=l&cat=p&typeid=i","cat":284542},{"id":142448,"n":"AOP Saumur rosé 1811 Ackerman Brut 75cl","p":6.1,"u":"8,13 €/L","img":"https://fd8-photos.leclercdrive.fr/image.ashx?id=2730229&use=l&cat=p&typeid=i","cat":289558},{"id":142977,"n":"Yaourts Délisse Aux fruits exotiques - 8x125g","p":2.35,"u":"2,35 €/KG","img":"https://fd8-photos.leclercdrive.fr/image.ashx?id=2595540&use=l&cat=p&typeid=i","cat":284410},{"id":142978,"n":"Compotes Douceur du Verger Panachées - 16x100g","p":3.85,"u":"2,41 €/KG","img":"https://fd8-photos.leclercdrive.fr/image.ashx?id=2026857&use=l&cat=p&typeid=i","cat":284416},{"id":142993,"n":"Bloc de foie gras de canard  Maison Montfort - 260g","p":11.69,"u":"44,96 €/KG","img":"https://fd8-photos.leclercdrive.fr/image.ashx?id=2731024&use=l&cat=p&typeid=i","cat":316008},{"id":142999,"n":"Cassolette saint jacques Tipiak Royale - 2x110g","p":5.89,"u":"26,77 €/KG","img":"https://fd8-photos.leclercdrive.fr/image.ashx?id=2798096&use=l&cat=p&typeid=i","cat":319775},{"id":143001,"n":"Dosettes café Plantation CLassique - x60 - 416g","p":6.09,"u":"14,64 €/KG","img":"https://fd8-photos.leclercdrive.fr/image.ashx?id=2824289&use=l&cat=p&typeid=i","cat":293238},{"id":143023,"n":"Beef-Stick Vitakraft x4 - 48g","p":1.21,"u":"25,21 €/KG","img":"https://fd8-photos.leclercdrive.fr/image.ashx?id=2857686&use=l&cat=p&typeid=i","cat":294527},{"id":143037,"n":"Toast apéro Pasquier Campagne - 100g","p":1.69,"u":"16,90 €/KG","img":"https://fd8-photos.leclercdrive.fr/image.ashx?id=2600674&use=l&cat=p&typeid=i","cat":285454},{"id":143344,"n":"Biscottes Eco+ 90 tranches - 750g","p":2.08,"u":"2,77 €/KG","img":"https://fd8-photos.leclercdrive.fr/image.ashx?id=2662580&use=l&cat=p&typeid=i","cat":284479},{"id":143345,"n":"Biscottes Epi d'Or x108 - 900g","p":2.52,"u":"2,80 €/KG","img":"https://fd8-photos.leclercdrive.fr/image.ashx?id=2532847&use=l&cat=p&typeid=i","cat":284479},{"id":143347,"n":"Boisson instantanée cacao Tablette d'Or - 400g","p":1.95,"u":"4,88 €/KG","img":"https://fd8-photos.leclercdrive.fr/image.ashx?id=2038717&use=l&cat=p&typeid=i","cat":293235},{"id":143434,"n":"Boisson à base deVodka Eristoff Ginger + verre - 18%vol - 70cl","p":12.24,"u":"17,49 €/L","img":"https://fd8-photos.leclercdrive.fr/image.ashx?id=2028384&use=l&cat=p&typeid=i","cat":284551},{"id":143439,"n":"Boisson à base deVodka Eristoff Red + verre - 18%vol - 70cl","p":12.66,"pp":8.36,"u":"11,15 €/L","img":"https://fd8-photos.leclercdrive.fr/image.ashx?id=2028381&use=l&cat=p&typeid=i","cat":284551},{"id":143460,"n":"Cassolettes St Jacques Tipiak Crème Sauternes - x2 - 220g","p":5.89,"u":"26,77 €/KG","img":"https://fd8-photos.leclercdrive.fr/image.ashx?id=2030018&use=l&cat=p&typeid=i","cat":319775},{"id":143471,"n":"Champagne Canard Duchêne Demi sec - 2x75cl","p":58.12,"u":"38,75 €/L","img":"https://fd8-photos.leclercdrive.fr/image.ashx?id=2971577&use=l&cat=p&typeid=i","cat":284542},{"id":143477,"n":"Dessert liégeois Viennois  Café - 4x100g","p":1.69,"u":"4,23 €/KG","img":"https://fd8-photos.leclercdrive.fr/image.ashx?id=2692110&use=l&cat=p&typeid=i","cat":285042},{"id":143478,"n":"Dessert liégeois Viennois  Chocolat - 4x100g","p":1.69,"u":"4,23 €/KG","img":"https://fd8-photos.leclercdrive.fr/image.ashx?id=2849689&use=l&cat=p&typeid=i","cat":285042},{"id":143528,"n":"Dessert liégeois Viennois  Panaché Chocolat Café - 8x100g","p":2.99,"u":"3,74 €/KG","img":"https://fd8-photos.leclercdrive.fr/image.ashx?id=2675298&use=l&cat=p&typeid=i","cat":285042},{"id":143602,"n":"Barres de céréales Grainéa Chocolat lait, noisette x6-126g","p":1.63,"u":"12,94 €/KG","img":"https://fd8-photos.leclercdrive.fr/image.ashx?id=2912875&use=l&cat=p&typeid=i","cat":285869},{"id":143604,"n":"Barres de céréales Grainea Figues - 126g","p":1.59,"u":"12,62 €/KG","img":"https://fd8-photos.leclercdrive.fr/image.ashx?id=2757939&use=l&cat=p&typeid=i","cat":285869},{"id":143605,"n":"Barre de céréales Chocolat au lait & coco - 126g","p":1.7,"u":"13,49 €/KG","img":"https://fd8-photos.leclercdrive.fr/image.ashx?id=2912872&use=l&cat=p&typeid=i","cat":285869},{"id":143744,"n":"Chutney d'abricot Labeyrie 50g","p":2.18,"u":"43,60 €/KG","img":"https://fd8-photos.leclercdrive.fr/image.ashx?id=2185208&use=l&cat=p&typeid=i","cat":316008},{"id":143747,"n":"Confiture de figues Labeyrie 110g","p":3.92,"u":"35,64 €/KG","img":"https://fd8-photos.leclercdrive.fr/image.ashx?id=2185205&use=l&cat=p&typeid=i","cat":315999},{"id":143807,"n":"Foie gras canard Larnaudie Origine france entier - 220g","p":22.99,"u":"104,50 €/KG","img":"https://fd8-photos.leclercdrive.fr/image.ashx?id=2916779&use=l&cat=p&typeid=i","cat":316008},{"id":143812,"n":"Tomates farcies Marie Riz à la tomate - 360g","p":3.99,"u":"11,08 €/KG","img":"https://fd8-photos.leclercdrive.fr/image.ashx?id=2317483&use=l&cat=p&typeid=i","cat":333665},{"id":144026,"n":"Pain Burgers création graines x4 - 260g","p":2.15,"u":"8,27 €/KG","img":"https://fd8-photos.leclercdrive.fr/image.ashx?id=2446347&use=l&cat=p&typeid=i","cat":325067},{"id":144144,"n":"Foie gras de canard Delpeyrat Sud-Ouest Terroir - Bocal 180g","p":23.5,"pp":15.51,"u":"86,17 €/KG","img":"https://fd8-photos.leclercdrive.fr/image.ashx?id=2905282&use=l&cat=p&typeid=i","cat":316008},{"id":144188,"n":"Bloc foie gras Delpeyrat Sud-ouest 30% morceaux 300g","p":23.5,"pp":15.51,"u":"51,70 €/KG","img":"https://fd8-photos.leclercdrive.fr/image.ashx?id=2905288&use=l&cat=p&typeid=i","cat":316008},{"id":144191,"n":"Foie gras de canard Delpeyrat Sud-ouest - 180g","p":23.5,"pp":15.51,"u":"86,17 €/KG","img":"https://fd8-photos.leclercdrive.fr/image.ashx?id=2905285&use=l&cat=p&typeid=i","cat":316008},{"id":144367,"n":"Copeaux savon Marseille  UNI VERT - 750g","p":3.9,"u":"5,20 €/KG","img":"https://fd8-photos.leclercdrive.fr/image.ashx?id=2574470&use=l&cat=p&typeid=i","cat":325365},{"id":144636,"n":"Boisson énergisante Monster Energy Pacific Punch - 50CL","p":1.69,"u":"3,38 €/L","img":"https://fd8-photos.leclercdrive.fr/image.ashx?id=2148407&use=l&cat=p&typeid=i","cat":284533},{"id":144715,"n":"Mini-beurre Paysan Breton Doux x20 - 82%MG - 200g","p":2.99,"pp":2.09,"u":"10,45 €/KG","img":"https://fd8-photos.leclercdrive.fr/image.ashx?id=2774568&use=l&cat=p&typeid=i","cat":284379},{"id":144773,"n":"Yaourt ferments lactiques Alsa 4 sachets - 8g","p":2.07,"u":"258,75 €/KG","img":"https://fd8-photos.leclercdrive.fr/image.ashx?id=2813875&use=l&cat=p&typeid=i","cat":284505},{"id":144834,"n":"Dosettes café Plantation  Corsé - x60 - 417g","p":5.79,"u":"13,88 €/KG","img":"https://fd8-photos.leclercdrive.fr/image.ashx?id=2824292&use=l&cat=p&typeid=i","cat":293238},{"id":144845,"n":"Lait Empresuré chocolat Laiterie de Saint Malo 4x125g","p":2.19,"u":"4,38 €/KG","img":"https://fd8-photos.leclercdrive.fr/image.ashx?id=2908612&use=l&cat=p&typeid=i","cat":285041},{"id":144908,"n":"Croquettes chiens Fido Croq Mix volaille/légumes 7kg","p":17.79,"u":"2,54 €/KG","img":"https://fd8-photos.leclercdrive.fr/image.ashx?id=2973303&use=l&cat=p&typeid=i","cat":284672},{"id":144928,"n":"Salami de dinde Fleury Michon Halal - 100g","p":3.15,"u":"31,50 €/KG","img":"https://fd8-photos.leclercdrive.fr/image.ashx?id=2959961&use=l&cat=p&typeid=i","cat":316013},{"id":145065,"n":"Dés fromage Origan Basilic Les Croisés - 300g","p":2.83,"u":"9,43 €/KG","img":"https://fd8-photos.leclercdrive.fr/image.ashx?id=2744243&use=l&cat=p&typeid=i","cat":314027},{"id":145107,"n":"Rasoir 3 lames Gillette Mach 3 - 1 pièce","p":14.93,"img":"https://fd8-photos.leclercdrive.fr/image.ashx?id=2542612&use=l&cat=p&typeid=i","cat":284616},{"id":145115,"n":"Anti-moustiques Labo Marie Rose Répulsif & apaisant 6h - 100ml","p":5.94,"u":"59,40 €/L","img":"https://fd8-photos.leclercdrive.fr/image.ashx?id=2666743&use=l&cat=p&typeid=i","cat":299654},{"id":145120,"n":"Préservatifs Classic Lubrifiés - x14","p":5.49,"img":"https://fd8-photos.leclercdrive.fr/image.ashx?id=2848704&use=l&cat=p&typeid=i","cat":284631},{"id":145121,"n":"Préservatifs Classic Intimy Lubrifiés - x28","p":9.99,"u":"0,36 €/P","img":"https://fd8-photos.leclercdrive.fr/image.ashx?id=2927324&use=l&cat=p&typeid=i","cat":284631},{"id":145130,"n":"Rasoir Gillette Skinguard Sensitive aloé vera - 1 pièce","p":14.69,"img":"https://fd8-photos.leclercdrive.fr/image.ashx?id=2569914&use=l&cat=p&typeid=i","cat":284616},{"id":145209,"n":"Pomme de terre grenailles bio Bio Village - 750g","p":1.99,"u":"2,65 €/KG","img":"https://fd8-photos.leclercdrive.fr/image.ashx?id=2960574&use=l&cat=p&typeid=i","cat":284352},{"id":145227,"n":"Shampooing Marie Rose Anti-poux & Lentes  - 125ml","p":4.87,"u":"38,96 €/L","img":"https://fd8-photos.leclercdrive.fr/image.ashx?id=2689523&use=l&cat=p&typeid=i","cat":299654},{"id":145245,"n":"Pansements Mercurochrome Cors-portection - x12","p":2.22,"u":"0,19 €/P","img":"https://fd8-photos.leclercdrive.fr/image.ashx?id=2785829&use=l&cat=p&typeid=i","cat":284630},{"id":145249,"n":"Pansements fluo Mercurochrome x18","p":3.25,"u":"0,18 €/P","img":"https://fd8-photos.leclercdrive.fr/image.ashx?id=2519018&use=l&cat=p&typeid=i","cat":284630},{"id":145250,"n":"Patchs chauffants Mercurochrome Décontractants grand format -x2","p":6.62,"u":"3,31 €/P","img":"https://fd8-photos.leclercdrive.fr/image.ashx?id=2923663&use=l&cat=p&typeid=i","cat":284630},{"id":145255,"n":"Ciseaux à ongles Mercurochrome 1 pièce","p":2.61,"img":"https://fd8-photos.leclercdrive.fr/image.ashx?id=2788493&use=l&cat=p&typeid=i","cat":325354},{"id":145269,"n":"Feuilletés Tomate Mozzarella Côté Table - 2x130g","p":2.89,"u":"11,12 €/KG","img":"https://fd8-photos.leclercdrive.fr/image.ashx?id=2036278&use=l&cat=p&typeid=i","cat":333671},{"id":145349,"n":"Purée Douceur du Verger Pomme banane - x4 - 400g","p":1.41,"u":"3,53 €/KG","img":"https://fd8-photos.leclercdrive.fr/image.ashx?id=2036728&use=l&cat=p&typeid=i","cat":284416},{"id":145355,"n":"Purée Douceur du Verger Pomme fraise - x4 - 400g","p":1.3,"u":"3,25 €/KG","img":"https://fd8-photos.leclercdrive.fr/image.ashx?id=2036806&use=l&cat=p&typeid=i","cat":284416},{"id":145366,"n":"Rapé 3 fromages Bio Village Bio - 200g","p":2.59,"u":"12,95 €/KG","img":"https://fd8-photos.leclercdrive.fr/image.ashx?id=2036821&use=l&cat=p&typeid=i","cat":314035},{"id":145410,"n":"Amandes grillées Couleurs Vives Décortiquées - non salé - 250g","p":3.47,"u":"13,88 €/KG","img":"https://fd8-photos.leclercdrive.fr/image.ashx?id=2542929&use=l&cat=p&typeid=i","cat":284357},{"id":145500,"n":"Chips extra croquante Vico 150g","p":1.25,"u":"8,33 €/KG","img":"https://fd8-photos.leclercdrive.fr/image.ashx?id=2917822&use=l&cat=p&typeid=i","cat":284447},{"id":145513,"n":"Fond de veau Kubor Maggi Dégraissé - 100g","p":2.65,"u":"26,50 €/KG","img":"https://fd8-photos.leclercdrive.fr/image.ashx?id=2917540&use=l&cat=p&typeid=i","cat":288379},{"id":145516,"n":"Gourde bébé bio Bio Village Pomme poire vanille - 4x90g","p":2.79,"u":"7,75 €/KG","img":"https://fd8-photos.leclercdrive.fr/image.ashx?id=2704867&use=l&cat=p&typeid=i","cat":312393},{"id":145556,"n":"Crêpes Whaou Chocolat cracky - x15 - 480g","p":4.69,"u":"9,77 €/KG","img":"https://fd8-photos.leclercdrive.fr/image.ashx?id=2971032&use=l&cat=p&typeid=i","cat":284494},{"id":145559,"n":"Fond de volaille Maggi 110g","p":2.82,"u":"25,64 €/KG","img":"https://fd8-photos.leclercdrive.fr/image.ashx?id=2917549&use=l&cat=p&typeid=i","cat":288379},{"id":145563,"n":"Sirop d'érable bio Bio Village 250g","p":4.15,"u":"16,60 €/KG","img":"https://fd8-photos.leclercdrive.fr/image.ashx?id=2037860&use=l&cat=p&typeid=i","cat":287643},{"id":145598,"n":"Gourde bébé bio Bio Village Pomme Banane Myrtille - 4x90g","p":2.79,"u":"7,75 €/KG","img":"https://fd8-photos.leclercdrive.fr/image.ashx?id=2878759&use=l&cat=p&typeid=i","cat":312393},{"id":145599,"n":"Feuille de Chêne verte Florette 150g","p":1.89,"u":"12,60 €/KG","img":"https://fd8-photos.leclercdrive.fr/image.ashx?id=2090033&use=l&cat=p&typeid=i","cat":284353},{"id":145700,"n":"Tartiflette Côté Table 900g","p":4.55,"u":"5,06 €/KG","img":"https://fd8-photos.leclercdrive.fr/image.ashx?id=2991142&use=l&cat=p&typeid=i","cat":284254},{"id":145883,"n":"Sauce Provencale NRT Aux tomates - 400g","p":1.92,"u":"4,80 €/KG","img":"https://fd8-photos.leclercdrive.fr/image.ashx?id=2840004&use=l&cat=p&typeid=i","cat":288384},{"id":145901,"n":"Film fraîcheur Albal Découpe Facile - 20m","p":2.2,"img":"https://fd8-photos.leclercdrive.fr/image.ashx?id=2551456&use=l&cat=p&typeid=i","cat":334134},{"id":146060,"n":"Gazpacho L'Original Alvalle 1L","p":3.45,"u":"3,45 €/L","img":"https://fd8-photos.leclercdrive.fr/image.ashx?id=2672047&use=l&cat=p&typeid=i","cat":284355},{"id":146080,"n":"Pate a tartiner Banania 750g","p":5.01,"u":"6,68 €/KG","img":"https://fd8-photos.leclercdrive.fr/image.ashx?id=2735668&use=l&cat=p&typeid=i","cat":284481},{"id":146132,"n":"Whisky fondaudege etuit 40° Single Malt - 70cl","p":30.76,"u":"43,94 €/L","img":"https://fd8-photos.leclercdrive.fr/image.ashx?id=2522263&use=l&cat=p&typeid=i","cat":284547},{"id":146331,"n":"Yaourts brassés Bio Village Bio - Fruits jaunes  - 8x125g","p":3.35,"u":"3,35 €/KG","img":"https://fd8-photos.leclercdrive.fr/image.ashx?id=2841980&use=l&cat=p&typeid=i","cat":284410},{"id":146334,"n":"Dessert au soja Bio Village Bio - Chocolat - 4x100g","p":2.25,"u":"5,63 €/KG","img":"https://fd8-photos.leclercdrive.fr/image.ashx?id=2992657&use=l&cat=p&typeid=i","cat":316071},{"id":146366,"n":"Quiche Lorraine Marie Pur beurre - 400g","p":3.12,"u":"7,80 €/KG","img":"https://fd8-photos.leclercdrive.fr/image.ashx?id=2996674&use=l&cat=p&typeid=i","cat":284257},{"id":146404,"n":"Recharges chlorophylle 4x1kg","p":13.99,"u":"3,50 €/KG","img":"https://fd8-photos.leclercdrive.fr/image.ashx?id=2042691&use=l&cat=p&typeid=i","cat":300576},{"id":146413,"n":"Infusion bio Jardin Bio Détente sommeil x20 - 30g","p":1.88,"u":"62,67 €/KG","img":"https://fd8-photos.leclercdrive.fr/image.ashx?id=3011449&use=l&cat=p&typeid=i","cat":293234},{"id":146414,"n":"Infusion bio Jardin Bio Nuits paisibles x20 - 30g","p":1.88,"u":"62,67 €/KG","img":"https://fd8-photos.leclercdrive.fr/image.ashx?id=2792612&use=l&cat=p&typeid=i","cat":293234},{"id":146415,"n":"Infusion Jardin Bio Bio digestion - x20 - 30g","p":1.88,"u":"62,67 €/KG","img":"https://fd8-photos.leclercdrive.fr/image.ashx?id=2792615&use=l&cat=p&typeid=i","cat":293234},{"id":146417,"n":"Infusion Jardin Bio Bio Thym citron - 30g - x20","p":1.88,"u":"62,67 €/KG","img":"https://fd8-photos.leclercdrive.fr/image.ashx?id=2792621&use=l&cat=p&typeid=i","cat":293234},{"id":146419,"n":"Infusion Jardin Bio Bio bruleur de graisse x20 -30g","p":1.88,"u":"62,67 €/KG","img":"https://fd8-photos.leclercdrive.fr/image.ashx?id=2968322&use=l&cat=p&typeid=i","cat":293234},{"id":146421,"n":"Infusion Jardin Bio Bio detox - x20 - 30g","p":1.88,"u":"62,67 €/KG","img":"https://fd8-photos.leclercdrive.fr/image.ashx?id=2792630&use=l&cat=p&typeid=i","cat":293234},{"id":146422,"n":"Thé vert Jardin Bio Bio minceur - x20 - 30g","p":1.85,"u":"61,67 €/KG","img":"https://fd8-photos.leclercdrive.fr/image.ashx?id=2948066&use=l&cat=p&typeid=i","cat":293233},{"id":146425,"n":"Thé Jardin Bio Bio détox - x20 - 30g","p":1.85,"u":"61,67 €/KG","img":"https://fd8-photos.leclercdrive.fr/image.ashx?id=2578205&use=l&cat=p&typeid=i","cat":293233},{"id":146426,"n":"Thé vert bio Jardin Bio Gingembre citron vert x20 - 30g","p":1.89,"u":"63,00 €/KG","img":"https://fd8-photos.leclercdrive.fr/image.ashx?id=3011452&use=l&cat=p&typeid=i","cat":293233},{"id":146494,"n":"Ramen Kimchi Tanoshi 360g","p":2.23,"u":"6,19 €/KG","img":"https://fd8-photos.leclercdrive.fr/image.ashx?id=2046741&use=l&cat=p&typeid=i","cat":288992},{"id":146499,"n":"Ramen Bulgogi Tanoshi 366g","p":2.23,"u":"6,09 €/KG","img":"https://fd8-photos.leclercdrive.fr/image.ashx?id=2922998&use=l&cat=p&typeid=i","cat":288992},{"id":146739,"n":"Maïs Bonduelle Sans Résidu Pesticides - 3x140g","p":2.45,"u":"5,83 €/KG","img":"https://fd8-photos.leclercdrive.fr/image.ashx?id=2913133&use=l&cat=p&typeid=i","cat":312611},{"id":146743,"n":"Burger Creation Nature Jacquet x4 260g","p":2.34,"u":"9,00 €/KG","img":"https://fd8-photos.leclercdrive.fr/image.ashx?id=2991858&use=l&cat=p&typeid=i","cat":325067},{"id":146894,"n":"Gourde bébé bio Bio Village Semoule cacao - 4x85g","p":3.02,"u":"8,88 €/KG","img":"https://fd8-photos.leclercdrive.fr/image.ashx?id=2704861&use=l&cat=p&typeid=i","cat":312393},{"id":146916,"n":"Préparation alsa Crème Pâtissière - 390g","p":2.07,"u":"5,31 €/KG","img":"https://fd8-photos.leclercdrive.fr/image.ashx?id=3007990&use=l&cat=p&typeid=i","cat":284505},{"id":146917,"n":"Préparation Gateau Semoule alsa Nappage Caramel 414g","p":1.89,"u":"4,57 €/KG","img":"https://fd8-photos.leclercdrive.fr/image.ashx?id=2805111&use=l&cat=p&typeid=i","cat":284505},{"id":146929,"n":"Piles rechargeables Duracell 750mAH AAA/LR03 - x4","p":16.56,"u":"4,14 €/P","img":"https://fd8-photos.leclercdrive.fr/image.ashx?id=2429488&use=l&cat=p&typeid=i","cat":300572},{"id":146930,"n":"Piles rechargeabls Duracell 130mAH AA/LR06 - x4","p":11.1,"u":"2,78 €/P","img":"https://fd8-photos.leclercdrive.fr/image.ashx?id=2862830&use=l&cat=p&typeid=i","cat":300572},{"id":146954,"n":"Pizza la moelleuse Burger - 625g","p":3.94,"u":"6,30 €/KG","img":"https://fd8-photos.leclercdrive.fr/image.ashx?id=2816594&use=l&cat=p&typeid=i","cat":284256},{"id":147002,"n":"Feuilleté de Mousse La Laitière Chocolat - 4x57g","p":1.64,"u":"7,19 €/KG","img":"https://fd8-photos.leclercdrive.fr/image.ashx?id=2858594&use=l&cat=p&typeid=i","cat":284417},{"id":147003,"n":"Feuilleté de Mousse La Laitière Vanille - 4x57g","p":1.79,"u":"7,85 €/KG","img":"https://fd8-photos.leclercdrive.fr/image.ashx?id=2764511&use=l&cat=p&typeid=i","cat":284417},{"id":147024,"n":"Raviolis farcis Ajinomoto Gyoza poulet légumes - 400g","p":5.89,"u":"14,73 €/KG","img":"https://fd8-photos.leclercdrive.fr/image.ashx?id=2590294&use=l&cat=p&typeid=i","cat":284254},{"id":147026,"n":"Raviolis farcis Ajinomoto Gyoza crevettes - 400g","p":5.83,"u":"14,58 €/KG","img":"https://fd8-photos.leclercdrive.fr/image.ashx?id=2590297&use=l&cat=p&typeid=i","cat":284254},{"id":147067,"n":"Gyoza Boeuf et Légumes Ajinomoto - 212g","p":3.31,"u":"15,61 €/KG","img":"https://fd8-photos.leclercdrive.fr/image.ashx?id=2590628&use=l&cat=p&typeid=i","cat":319774},{"id":147076,"n":"Bouillon Cube Maggi Volaille - 80g","p":0.88,"u":"11,00 €/KG","img":"https://fd8-photos.leclercdrive.fr/image.ashx?id=2737036&use=l&cat=p&typeid=i","cat":288379},{"id":147119,"n":"Lave glace Tech 9 -20°C - 5L","p":5.99,"u":"1,20 €/L","img":"https://fd8-photos.leclercdrive.fr/image.ashx?id=2054896&use=l&cat=p&typeid=i","cat":298252},{"id":147127,"n":"Spray dégraissant Clair Savon noir - 750ml","p":2.05,"u":"2,73 €/L","img":"https://fd8-photos.leclercdrive.fr/image.ashx?id=2840389&use=l&cat=p&typeid=i","cat":325357},{"id":147128,"n":"Coton carré Bio Bionaïa x80","p":2.99,"u":"0,04 €/P","img":"https://fd8-photos.leclercdrive.fr/image.ashx?id=2558832&use=l&cat=p&typeid=i","cat":285593},{"id":147137,"n":"Lessive Mrs Meyer's Clean Day Liquide concentré lavande-946ml","p":7.64,"u":"8,08 €/L","img":"https://fd8-photos.leclercdrive.fr/image.ashx?id=2285798&use=l&cat=p&typeid=i","cat":284640},{"id":147140,"n":"Whisky famous Grouse Smoky Black - 40%vol - 70cl","p":21.28,"u":"30,40 €/L","img":"https://fd8-photos.leclercdrive.fr/image.ashx?id=2160045&use=l&cat=p&typeid=i","cat":284547},{"id":147193,"n":"Filet de poulet Maitre Coq Blanc - Nourri au blé - 480g","p":6.27,"u":"13,06 €/KG","img":"https://fd8-photos.leclercdrive.fr/image.ashx?id=2855145&use=l&cat=p&typeid=i","cat":284336},{"id":147194,"n":"Haut de cuisse Maitre Coq Poulet blanc nourri au blé 750g","p":4.56,"u":"6,08 €/KG","img":"https://fd8-photos.leclercdrive.fr/image.ashx?id=2855882&use=l&cat=p&typeid=i","cat":284336},{"id":147196,"n":"Pilon de poulet Maitre Coq Blanc - Nourri au blé - 750g","p":4.95,"u":"6,60 €/KG","img":"https://fd8-photos.leclercdrive.fr/image.ashx?id=2855522&use=l&cat=p&typeid=i","cat":284336},{"id":147200,"n":"Escargot de Bourgogne surgelé L'origine du goût x24 - 220g","p":11.99,"u":"54,50 €/KG","img":"https://fd8-photos.leclercdrive.fr/image.ashx?id=2809882&use=l&cat=p&typeid=i","cat":319775},{"id":147224,"n":"Capsules Nescafé Dolce Gusto  Espresso - x30","p":7.74,"u":"46,91 €/KG","img":"https://fd8-photos.leclercdrive.fr/image.ashx?id=2737105&use=l&cat=p&typeid=i","cat":293239},{"id":147237,"n":"Compote Douceur du Verger    Bocal pomme morceaux - 730g","p":1.74,"u":"2,38 €/KG","img":"https://fd8-photos.leclercdrive.fr/image.ashx?id=2663563&use=l&cat=p&typeid=i","cat":284508},{"id":147241,"n":"Dessert pommes citrons NRT 570g","p":3.55,"u":"6,23 €/KG","img":"https://fd8-photos.leclercdrive.fr/image.ashx?id=2840007&use=l&cat=p&typeid=i","cat":284508},{"id":147246,"n":"Bonbons au miel NRT De Vendée - 200g","p":2.6,"u":"13,00 €/KG","img":"https://fd8-photos.leclercdrive.fr/image.ashx?id=2771423&use=l&cat=p&typeid=i","cat":304252},{"id":147248,"n":"Muesli  Grainea chocolat Noisette 350g","p":2.84,"u":"8,11 €/KG","img":"https://fd8-photos.leclercdrive.fr/image.ashx?id=2077358&use=l&cat=p&typeid=i","cat":309512},{"id":147250,"n":"Préparation Flan Entremets alsa Vanille - 192g","p":1.46,"u":"7,60 €/KG","img":"https://fd8-photos.leclercdrive.fr/image.ashx?id=2805117&use=l&cat=p&typeid=i","cat":284504},{"id":147251,"n":"Préparation Crème Anglaise alsa Vanille des Isles - 300g","p":2.13,"u":"7,10 €/KG","img":"https://fd8-photos.leclercdrive.fr/image.ashx?id=2999826&use=l&cat=p&typeid=i","cat":284504},{"id":147254,"n":"Confiture Eco+ Fraise - 450g","p":1.14,"u":"2,53 €/KG","img":"https://fd8-photos.leclercdrive.fr/image.ashx?id=2953200&use=l&cat=p&typeid=i","cat":284480},{"id":147255,"n":"Confiture Eco+ Abricot - 450g","p":1.23,"u":"2,73 €/KG","img":"https://fd8-photos.leclercdrive.fr/image.ashx?id=2953203&use=l&cat=p&typeid=i","cat":284480},{"id":147296,"n":"Gourde Bio Village - 6 mois Bio - 6x90g","p":4.39,"u":"8,13 €/KG","img":"https://fd8-photos.leclercdrive.fr/image.ashx?id=2704879&use=l&cat=p&typeid=i","cat":312393},{"id":147297,"n":"IGP Saucisse de Montbéliard x2 - 300g","p":4.85,"u":"16,17 €/KG","img":"https://fd8-photos.leclercdrive.fr/image.ashx?id=2833531&use=l&cat=p&typeid=i","cat":316012},{"id":147422,"n":"Bière Brewdog Punk IPA 33cl","p":2.79,"u":"8,45 €/L","img":"https://fd8-photos.leclercdrive.fr/image.ashx?id=2941859&use=l&cat=p&typeid=i","cat":334872},{"id":147431,"n":"Yaourt à la grecque YAOS Nature lit de framboises 4x125g","p":2.7,"u":"5,40 €/KG","img":"https://fd8-photos.leclercdrive.fr/image.ashx?id=2654575&use=l&cat=p&typeid=i","cat":314999},{"id":147438,"n":"Tablette chocolat Milka Chocolat au lait - 5x100g","p":7.45,"u":"14,90 €/KG","img":"https://fd8-photos.leclercdrive.fr/image.ashx?id=2955203&use=l&cat=p&typeid=i","cat":284497},{"id":147440,"n":"Tropifun Haribo Sachet bonbons - 220g","p":2.35,"u":"10,68 €/KG","img":"https://fd8-photos.leclercdrive.fr/image.ashx?id=2340837&use=l&cat=p&typeid=i","cat":304250},{"id":147442,"n":"Pochons Tous mes amis Sauce viande - 12x100g","p":3.65,"u":"3,04 €/KG","img":"https://fd8-photos.leclercdrive.fr/image.ashx?id=2054993&use=l&cat=p&typeid=i","cat":288578},{"id":147443,"n":"Stick torsades Tous mes amis x4 - 70g","p":0.72,"u":"10,29 €/KG","img":"https://fd8-photos.leclercdrive.fr/image.ashx?id=2361733&use=l&cat=p&typeid=i","cat":294527},{"id":147444,"n":"Snack récompense Tous mes amis Fromage boeuf - 140g","p":1.39,"u":"9,93 €/KG","img":"https://fd8-photos.leclercdrive.fr/image.ashx?id=2345565&use=l&cat=p&typeid=i","cat":294527},{"id":147449,"n":"Granola Grainea Chocolat noir amandes - 350g","p":2.75,"u":"7,86 €/KG","img":"https://fd8-photos.leclercdrive.fr/image.ashx?id=2611949&use=l&cat=p&typeid=i","cat":309512},{"id":147455,"n":"Capsules café Plantation Décaféiné n°5 - x30 - 156g","p":5.19,"u":"33,27 €/KG","img":"https://fd8-photos.leclercdrive.fr/image.ashx?id=2874741&use=l&cat=p&typeid=i","cat":284749},{"id":147456,"n":"Capsules café Plantation Ristretto n°12 - x30 - 156g","p":5.19,"u":"33,27 €/KG","img":"https://fd8-photos.leclercdrive.fr/image.ashx?id=2867263&use=l&cat=p&typeid=i","cat":284749},{"id":147464,"n":"Infusion bien-être Jardin Bio Bio x20 - 28g","p":1.88,"u":"67,14 €/KG","img":"https://fd8-photos.leclercdrive.fr/image.ashx?id=2792606&use=l&cat=p&typeid=i","cat":293234},{"id":147465,"n":"Infusion Jardin Bio Bio calme & Sérénité x20 - 30g","p":1.88,"u":"62,67 €/KG","img":"https://fd8-photos.leclercdrive.fr/image.ashx?id=2792618&use=l&cat=p&typeid=i","cat":293234},{"id":147468,"n":"Jus de citron Jardin Bio Bio - 25cl","p":1.8,"u":"7,20 €/L","img":"https://fd8-photos.leclercdrive.fr/image.ashx?id=3015317&use=l&cat=p&typeid=i","cat":288383},{"id":147477,"n":"Coloration végétale bio Bionaïa Blond clair - 92g","p":7.55,"u":"82,07 €/KG","img":"https://fd8-photos.leclercdrive.fr/image.ashx?id=2048458&use=l&cat=p&typeid=i","cat":288899},{"id":147481,"n":"Led filament 2-25W E14 Flamme coup de vent - x1","p":4.49,"u":"Dont 0,12 € d'éco-part.","img":"https://fd8-photos.leclercdrive.fr/image.ashx?id=2070311&use=l&cat=p&typeid=i","cat":300573},{"id":147483,"n":"Lot de 2 ampoules Led GU10- 35W","p":7.59,"u":"Dont 0,24 € d'éco-part.","img":"https://fd8-photos.leclercdrive.fr/image.ashx?id=2070509&use=l&cat=p&typeid=i","cat":300573},{"id":147487,"n":"Noix de Pécan grillée sans sel Daco Bello 125g","p":4.89,"u":"39,12 €/KG","img":"https://fd8-photos.leclercdrive.fr/image.ashx?id=2298553&use=l&cat=p&typeid=i","cat":284448},{"id":147523,"n":"Gel douche Bionaïa Framboise orange bio - 250ml","p":1.43,"u":"5,72 €/L","img":"https://fd8-photos.leclercdrive.fr/image.ashx?id=2538137&use=l&cat=p&typeid=i","cat":284594},{"id":147524,"n":"Gel douche Bionaïa Miel fleur d'oranger bio -250ml","p":1.43,"u":"5,72 €/L","img":"https://fd8-photos.leclercdrive.fr/image.ashx?id=2512487&use=l&cat=p&typeid=i","cat":284594},{"id":147525,"n":"Huile bio Bio naïa Jojoba - 50ml","p":4.57,"u":"91,40 €/L","img":"https://fd8-photos.leclercdrive.fr/image.ashx?id=2436711&use=l&cat=p&typeid=i","cat":325349},{"id":147526,"n":"Huile bio Bio naïa Argan - 50ml","p":4.75,"u":"95,00 €/L","img":"https://fd8-photos.leclercdrive.fr/image.ashx?id=2436714&use=l&cat=p&typeid=i","cat":325349},{"id":147527,"n":"Huile bio Bio naïa Ricin - 50ml","p":3.99,"u":"79,80 €/L","img":"https://fd8-photos.leclercdrive.fr/image.ashx?id=2436717&use=l&cat=p&typeid=i","cat":325349},{"id":147528,"n":"Huile bio Bio naïa Amande douce - 50ml","p":3.79,"u":"75,80 €/L","img":"https://fd8-photos.leclercdrive.fr/image.ashx?id=2436720&use=l&cat=p&typeid=i","cat":325349},{"id":147533,"n":"Dentifrice arôme menthe Eco + 125ml","p":0.73,"u":"5,84 €/L","img":"https://fd8-photos.leclercdrive.fr/image.ashx?id=2776277&use=l&cat=p&typeid=i","cat":284612},{"id":147536,"n":"Liquide vaisselle Eco + Concentré citron - 500ml","p":0.42,"u":"0,84 €/L","img":"https://fd8-photos.leclercdrive.fr/image.ashx?id=2861407&use=l&cat=p&typeid=i","cat":284655},{"id":147537,"n":"Nettoyant ménager Eco + Citron - 2L","p":1.11,"u":"0,56 €/L","img":"https://fd8-photos.leclercdrive.fr/image.ashx?id=2946148&use=l&cat=p&typeid=i","cat":284907},{"id":147539,"n":"Capsules café Plantation Café au lait - x16 - 152g","p":3.29,"u":"21,64 €/KG","img":"https://fd8-photos.leclercdrive.fr/image.ashx?id=2649750&use=l&cat=p&typeid=i","cat":293239},{"id":147544,"n":"Pastilles lave-vaisselle Eco + x50 - 750g","p":2.59,"u":"3,45 €/KG","img":"https://fd8-photos.leclercdrive.fr/image.ashx?id=2865032&use=l&cat=p&typeid=i","cat":284656},{"id":147548,"n":"Gel désodorisant Eco + Parfum lavande - 1 pièce","p":0.53,"img":"https://fd8-photos.leclercdrive.fr/image.ashx?id=2466868&use=l&cat=p&typeid=i","cat":311628},{"id":147550,"n":"Nettoyant vitres Eco + 1L","p":0.76,"u":"0,76 €/L","img":"https://fd8-photos.leclercdrive.fr/image.ashx?id=2834993&use=l&cat=p&typeid=i","cat":325363},{"id":147564,"n":"LED Filament flamme torsadée 2-25W -  E14 - claire","p":4.59,"u":"Dont 0,12 € d'éco-part.","img":"https://fd8-photos.leclercdrive.fr/image.ashx?id=2070308&use=l&cat=p&typeid=i","cat":300573},{"id":147626,"n":"Couches Lotus Baby Douceur Naturelle Taille 4 - x37","p":15.35,"u":"0,41 €/P","img":"https://fd8-photos.leclercdrive.fr/image.ashx?id=2914768&use=l&cat=p&typeid=i","cat":284737},{"id":147644,"n":"Sake ginjo ichidai misen 70cl","p":22.89,"u":"32,70 €/L","img":"https://fd8-photos.leclercdrive.fr/image.ashx?id=2571680&use=l&cat=p&typeid=i","cat":286032},{"id":147648,"n":"Véritable petit cervelas Alsacien supérieur - 4x90g","p":5.25,"u":"14,58 €/KG","img":"https://fd8-photos.leclercdrive.fr/image.ashx?id=2106424&use=l&cat=p&typeid=i","cat":316012},{"id":147671,"n":"Olives farcies Tokapi Amandes - 150g","p":2.49,"u":"16,60 €/KG","img":"https://fd8-photos.leclercdrive.fr/image.ashx?id=3010431&use=l&cat=p&typeid=i","cat":284458},{"id":147678,"n":"Rillettes de saumon Ronde des Mers - 125g","p":1.58,"u":"12,64 €/KG","img":"https://fd8-photos.leclercdrive.fr/image.ashx?id=2436708&use=l&cat=p&typeid=i","cat":305147},{"id":147692,"n":"Fond pour rôtis Maggi 110g","p":2.99,"u":"27,18 €/KG","img":"https://fd8-photos.leclercdrive.fr/image.ashx?id=2917543&use=l&cat=p&typeid=i","cat":288379},{"id":147980,"n":"Whisky The Dubliner Irish Whiskey Bourbon Cask 70cl","p":24.6,"u":"35,14 €/L","img":"https://fd8-photos.leclercdrive.fr/image.ashx?id=3009041&use=l&cat=p&typeid=i","cat":284547},{"id":148008,"n":"Genoise P'tit Déli Poire - 150g","p":1.15,"u":"7,67 €/KG","img":"https://fd8-photos.leclercdrive.fr/image.ashx?id=2482508&use=l&cat=p&typeid=i","cat":284489},{"id":148013,"n":"Bocal d'artichauts Notre jardin Grillés - 115g","p":1.99,"u":"17,30 €/KG","img":"https://fd8-photos.leclercdrive.fr/image.ashx?id=2578641&use=l&cat=p&typeid=i","cat":312611},{"id":148027,"n":"Pois chiche Bio Village Bio - 500g","p":2.08,"u":"4,16 €/KG","img":"https://fd8-photos.leclercdrive.fr/image.ashx?id=3002704&use=l&cat=p&typeid=i","cat":284430},{"id":148037,"n":"Purée de tomates italiennes 700g","p":1.26,"u":"1,80 €/KG","img":"https://fd8-photos.leclercdrive.fr/image.ashx?id=3011680&use=l&cat=p&typeid=i","cat":289010},{"id":148041,"n":"Aiguillette poulet Maître Coq 450g","p":6.45,"u":"14,33 €/KG","img":"https://fd8-photos.leclercdrive.fr/image.ashx?id=2882719&use=l&cat=p&typeid=i","cat":284336},{"id":148048,"n":"Ravioles aux 3 fromages Persil de la Drôme Saint Jean 310g","p":3.65,"u":"11,77 €/KG","img":"https://fd8-photos.leclercdrive.fr/image.ashx?id=2438651&use=l&cat=p&typeid=i","cat":333682},{"id":148049,"n":"Ravioles au Fromage Frais et Basilic Saint Jean 310g","p":3.28,"u":"10,58 €/KG","img":"https://fd8-photos.leclercdrive.fr/image.ashx?id=2290014&use=l&cat=p&typeid=i","cat":333682},{"id":148070,"n":"Thermomètre Primoplast Electronique - 1 pièce","p":3.89,"img":"https://fd8-photos.leclercdrive.fr/image.ashx?id=2856597&use=l&cat=p&typeid=i","cat":284630},{"id":148077,"n":"Jambon de Savoie L'Atelier Charcuterie - 100g","p":2.99,"u":"29,90 €/KG","img":"https://fd8-photos.leclercdrive.fr/image.ashx?id=2395826&use=l&cat=p&typeid=i","cat":316007},{"id":148078,"n":"Jambon de Vendée IGP LR  L'Atelier Charcuterie - 100g","p":2.99,"u":"29,90 €/KG","img":"https://fd8-photos.leclercdrive.fr/image.ashx?id=2989947&use=l&cat=p&typeid=i","cat":316007},{"id":148094,"n":"Speck alto adige IGP L'Atelier Charcuterie - 100g","p":2.99,"u":"29,90 €/KG","img":"https://fd8-photos.leclercdrive.fr/image.ashx?id=2999655&use=l&cat=p&typeid=i","cat":316007},{"id":148095,"n":"Coppa di parma IGP L'Atelier Charcuterie - 100g","p":3.45,"u":"34,50 €/KG","img":"https://fd8-photos.leclercdrive.fr/image.ashx?id=2068735&use=l&cat=p&typeid=i","cat":316007},{"id":148103,"n":"Soin hydratant bio So Bio Etic Hydra Aloe Vera - 50ml","p":8.95,"u":"179,00 €/L","img":"https://fd8-photos.leclercdrive.fr/image.ashx?id=2640572&use=l&cat=p&typeid=i","cat":325345},{"id":148104,"n":"Crème hydratante Florena 24h - 50ml","p":15.71,"u":"314,20 €/L","img":"https://fd8-photos.leclercdrive.fr/image.ashx?id=2225486&use=l&cat=p&typeid=i","cat":325345},{"id":148107,"n":"Pavé au poivre Label Rouge L'Atelier Charcuterie - 100g","p":1.99,"u":"22,11 €/KG","img":"https://fd8-photos.leclercdrive.fr/image.ashx?id=2856651&use=l&cat=p&typeid=i","cat":316007},{"id":148109,"n":"Crème visage Florena Nourrissante - 50ml","p":13.13,"u":"262,60 €/L","img":"https://fd8-photos.leclercdrive.fr/image.ashx?id=2225489&use=l&cat=p&typeid=i","cat":325345},{"id":148117,"n":"Rosette tranchée Label Rouge L'Atelier Charcuterie - 100g","p":1.79,"u":"17,90 €/KG","img":"https://fd8-photos.leclercdrive.fr/image.ashx?id=2856654&use=l&cat=p&typeid=i","cat":316007},{"id":148120,"n":"Jambon serrano IGP L'Atelier Charcuterie - 120g","p":4.0,"u":"33,33 €/KG","img":"https://fd8-photos.leclercdrive.fr/image.ashx?id=2867931&use=l&cat=p&typeid=i","cat":316007},{"id":148124,"n":"Datte ravier Favorite Deglet nour - 500g","p":2.3,"u":"4,60 €/KG","img":"https://fd8-photos.leclercdrive.fr/image.ashx?id=2730610&use=l&cat=p&typeid=i","cat":284357},{"id":148145,"n":"LED Filament flamme 2-25W - E14 - Claire","p":2.99,"u":"Dont 0,12 € d'éco-part.","img":"https://fd8-photos.leclercdrive.fr/image.ashx?id=2070458&use=l&cat=p&typeid=i","cat":300573},{"id":148180,"n":"Morgan et son bébé  Kidway - Dès 3 ans","p":9.9,"img":"https://fd8-photos.leclercdrive.fr/image.ashx?id=2053884&use=l&cat=p&typeid=i","cat":334379},{"id":148202,"n":"Poudlard : le cours de potions Lego Harry Potter - Dès 8 ans","p":40.8,"img":"https://fd8-photos.leclercdrive.fr/image.ashx?id=2054636&use=l&cat=p&typeid=i","cat":334380},{"id":148212,"n":"Morgan princesse Kidway Rose - A partir de 3 ans","p":9.9,"img":"https://fd8-photos.leclercdrive.fr/image.ashx?id=2053899&use=l&cat=p&typeid=i","cat":334379},{"id":148240,"n":"Café dosettes Tassimo L'Or Café Long Doux x16","p":5.09,"u":"57,19 €/KG","img":"https://fd8-photos.leclercdrive.fr/image.ashx?id=2100386&use=l&cat=p&typeid=i","cat":293240},{"id":148250,"n":"Ratatouille  Notre Jardin Provencale - 530g","p":2.76,"u":"5,21 €/KG","img":"https://fd8-photos.leclercdrive.fr/image.ashx?id=2526312&use=l&cat=p&typeid=i","cat":312612},{"id":148291,"n":"Bière Aromatisée Grimbergen Rouge 5,5° - 6x25cl","p":4.57,"u":"3,05 €/L","img":"https://fd8-photos.leclercdrive.fr/image.ashx?id=2873327&use=l&cat=p&typeid=i","cat":334878},{"id":148328,"n":"Bonbons eucalyptus Croibleu 250g","p":1.63,"u":"6,52 €/KG","img":"https://fd8-photos.leclercdrive.fr/image.ashx?id=2066584&use=l&cat=p&typeid=i","cat":304252},{"id":148339,"n":"Embouts jetables Prorhinel Souples - x10","p":5.79,"img":"https://fd8-photos.leclercdrive.fr/image.ashx?id=2148182&use=l&cat=p&typeid=i","cat":284630},{"id":148341,"n":"Spray hygiène du nez Prorhinel à l'aloe vera - enfant - 100ml","p":5.79,"u":"57,90 €/L","img":"https://fd8-photos.leclercdrive.fr/image.ashx?id=2917858&use=l&cat=p&typeid=i","cat":284630},{"id":148357,"n":"Hochet Maracas Tigex 1 pièce","p":7.99,"img":"https://fd8-photos.leclercdrive.fr/image.ashx?id=2114518&use=l&cat=p&typeid=i","cat":289435},{"id":148384,"n":"Donut nappé chocolat 180g","p":1.39,"u":"7,72 €/KG","img":"https://fd8-photos.leclercdrive.fr/image.ashx?id=2590707&use=l&cat=p&typeid=i","cat":284495},{"id":148392,"n":"Filets de merlan L'Atelier Poissonnerie - 250g","p":4.97,"u":"19,88 €/KG","img":"https://fd8-photos.leclercdrive.fr/image.ashx?id=2868696&use=l&cat=p&typeid=i","cat":284342},{"id":148406,"n":"Gel intime Intimy Classic - 150ml","p":4.69,"u":"31,27 €/L","img":"https://fd8-photos.leclercdrive.fr/image.ashx?id=2537980&use=l&cat=p&typeid=i","cat":285160},{"id":148484,"n":"Lames Hydro 5 Wilkinson Skin protect - x4","p":12.26,"u":"3,07 €/P","img":"https://fd8-photos.leclercdrive.fr/image.ashx?id=2924644&use=l&cat=p&typeid=i","cat":284616},{"id":148485,"n":"Lames Hydro 5 Wilkinson Skin protect Sensitive - x4","p":13.47,"u":"3,37 €/P","img":"https://fd8-photos.leclercdrive.fr/image.ashx?id=2736343&use=l&cat=p&typeid=i","cat":284616},{"id":148536,"n":"Crème élaicissante Eugène Color et Eclat n°100 Bond - x1","p":4.52,"img":"https://fd8-photos.leclercdrive.fr/image.ashx?id=2476461&use=l&cat=p&typeid=i","cat":288899},{"id":148629,"n":"Huile éclat Florena 30ml","p":19.39,"u":"646,33 €/L","img":"https://fd8-photos.leclercdrive.fr/image.ashx?id=2223944&use=l&cat=p&typeid=i","cat":325345},{"id":148631,"n":"Lait démaquillant Florena 200ml","p":10.63,"u":"53,15 €/L","img":"https://fd8-photos.leclercdrive.fr/image.ashx?id=2223947&use=l&cat=p&typeid=i","cat":284603},{"id":148718,"n":"Émincés Céréal Bio Soja et blé Bio - 130g","p":3.62,"u":"27,85 €/KG","img":"https://fd8-photos.leclercdrive.fr/image.ashx?id=2624218&use=l&cat=p&typeid=i","cat":316036},{"id":148744,"n":"Galette moelleuse Saint Michel Chocolat blanc - 180g","p":1.61,"u":"8,94 €/KG","img":"https://fd8-photos.leclercdrive.fr/image.ashx?id=2949976&use=l&cat=p&typeid=i","cat":284487},{"id":148762,"n":"Bonbon Confiseo Sève de pin - 250g","p":1.99,"u":"7,96 €/KG","img":"https://fd8-photos.leclercdrive.fr/image.ashx?id=2934757&use=l&cat=p&typeid=i","cat":304252},{"id":148774,"n":"Préservatifs Intimy Taille XL lubrifiés - x14","p":7.29,"u":"0,52 €/P","img":"https://fd8-photos.leclercdrive.fr/image.ashx?id=2926329&use=l&cat=p&typeid=i","cat":284631},{"id":148779,"n":"Pince à ongles Mercurochrome 1 pièce","p":4.14,"img":"https://fd8-photos.leclercdrive.fr/image.ashx?id=2788496&use=l&cat=p&typeid=i","cat":325354},{"id":148960,"n":"Portion d'emmental Entremont Français Bio - 180g","p":2.79,"u":"15,50 €/KG","img":"https://fd8-photos.leclercdrive.fr/image.ashx?id=2676651&use=l&cat=p&typeid=i","cat":314034},{"id":148966,"n":"Boisson coco Bio Bjorg Sans sucre ajouté - 1L","p":2.07,"u":"2,07 €/L","img":"https://fd8-photos.leclercdrive.fr/image.ashx?id=2972991&use=l&cat=p&typeid=i","cat":316067},{"id":148998,"n":"Papier cuisson Elembal Feuilles - x30","p":0.99,"u":"0,03 €/P","img":"https://fd8-photos.leclercdrive.fr/image.ashx?id=2059971&use=l&cat=p&typeid=i","cat":334134},{"id":149041,"n":"Chipolatas aux herbes L'Atelier Boucherie x8 - 520g","p":6.85,"u":"13,17 €/KG","img":"https://fd8-photos.leclercdrive.fr/image.ashx?id=2831293&use=l&cat=p&typeid=i","cat":284334},{"id":149067,"n":"boisson végétale lait de coco sans sucre alpro - 1l","p":2.49,"u":"2,49 €/L","img":"https://fd8-photos.leclercdrive.fr/image.ashx?id=2849244&use=l&cat=p&typeid=i","cat":316067},{"id":149236,"n":"Brandade à la morue  Maison Briau Gratinée - 550g","p":7.29,"u":"13,25 €/KG","img":"https://fd8-photos.leclercdrive.fr/image.ashx?id=2850013&use=l&cat=p&typeid=i","cat":285340},{"id":149338,"n":"Brosse de lavage raccord eau Carroserie + jantes","p":8.95,"img":"https://fd8-photos.leclercdrive.fr/image.ashx?id=2068402&use=l&cat=p&typeid=i","cat":298252},{"id":149353,"n":"Les Arrangés divins banane 70cl Caramel Beurre salé 28,7% vol","p":27.33,"u":"39,04 €/L","img":"https://fd8-photos.leclercdrive.fr/image.ashx?id=2291825&use=l&cat=p&typeid=i","cat":284551},{"id":149362,"n":"Peau synthétique multi usage x1","p":1.45,"img":"https://fd8-photos.leclercdrive.fr/image.ashx?id=2068399&use=l&cat=p&typeid=i","cat":298252},{"id":149368,"n":"Balai brosse avec manche Telescopique - x1","p":22.85,"img":"https://fd8-photos.leclercdrive.fr/image.ashx?id=2068396&use=l&cat=p&typeid=i","cat":284669},{"id":149379,"n":"Sauce tomates et piments Mutti - 400g","p":2.55,"u":"6,38 €/KG","img":"https://fd8-photos.leclercdrive.fr/image.ashx?id=2855442&use=l&cat=p&typeid=i","cat":288384},{"id":149406,"n":"AOC Bordeaux blanc bio Nos racines - 12,5% - 3L","p":17.02,"u":"5,67 €/L","img":"https://fd8-photos.leclercdrive.fr/image.ashx?id=2061439&use=l&cat=p&typeid=i","cat":289557},{"id":149428,"n":"Boisson à base de vin rosé  Pamplemousse - 7.5% vol - 75cl","p":2.31,"u":"3,08 €/L","img":"https://fd8-photos.leclercdrive.fr/image.ashx?id=2958525&use=l&cat=p&typeid=i","cat":304569},{"id":149465,"n":"Brosse à Dents Signal Soin Gencives Souple x4","p":3.09,"u":"0,77 €/P","img":"https://fd8-photos.leclercdrive.fr/image.ashx?id=2964234&use=l&cat=p&typeid=i","cat":284614},{"id":149801,"n":"Crème de nuit bio N.A.E. Mature - Pot 50ml","p":14.59,"u":"291,80 €/L","img":"https://fd8-photos.leclercdrive.fr/image.ashx?id=2450733&use=l&cat=p&typeid=i","cat":325345},{"id":149819,"n":"Sérum Visage Correcteur Nivea Anti-taches Luminous - 30ml","p":18.85,"u":"628,33 €/L","img":"https://fd8-photos.leclercdrive.fr/image.ashx?id=2639720&use=l&cat=p&typeid=i","cat":325345},{"id":149853,"n":"Miettes généreuses de thon huile d'olive Le Savoureux 160g","p":3.55,"u":"22,19 €/KG","img":"https://fd8-photos.leclercdrive.fr/image.ashx?id=2167985&use=l&cat=p&typeid=i","cat":303867},{"id":149854,"n":"Dentifrice Elmex enfant 0-6ans Anti-caries - 75ml","p":4.09,"u":"54,53 €/L","img":"https://fd8-photos.leclercdrive.fr/image.ashx?id=2745289&use=l&cat=p&typeid=i","cat":288898},{"id":149876,"n":"Tampon dépoussiérant x1","p":3.5,"img":"https://fd8-photos.leclercdrive.fr/image.ashx?id=2068390&use=l&cat=p&typeid=i","cat":298252},{"id":149878,"n":"Brosse de lavage pour jantes x1","p":5.25,"img":"https://fd8-photos.leclercdrive.fr/image.ashx?id=2068363&use=l&cat=p&typeid=i","cat":298252},{"id":149879,"n":"Raclette anti-buée Avec manche télescopique x1","p":5.75,"img":"https://fd8-photos.leclercdrive.fr/image.ashx?id=2068360&use=l&cat=p&typeid=i","cat":298252},{"id":150053,"n":"Gnocchi à poeler Bio Village Bio - 300g","p":1.84,"u":"6,13 €/KG","img":"https://fd8-photos.leclercdrive.fr/image.ashx?id=2607969&use=l&cat=p&typeid=i","cat":333682},{"id":150223,"n":"Acras de crevettes Maison Briau 200g","p":3.49,"u":"17,45 €/KG","img":"https://fd8-photos.leclercdrive.fr/image.ashx?id=2850010&use=l&cat=p&typeid=i","cat":285094},{"id":150238,"n":"Escalope Cordon Bleu Père Dodu  Double Cheese x2 - 200g","p":2.69,"u":"13,45 €/KG","img":"https://fd8-photos.leclercdrive.fr/image.ashx?id=2957185&use=l&cat=p&typeid=i","cat":333683},{"id":150247,"n":"Végétal Emincés Garden Gourmet Nature Soja 160g","p":3.39,"u":"21,19 €/KG","img":"https://fd8-photos.leclercdrive.fr/image.ashx?id=2971395&use=l&cat=p&typeid=i","cat":316036},{"id":150294,"n":"Smarties Lapin chocolat Bleu - 175g","p":5.17,"u":"29,54 €/KG","img":"https://fd8-photos.leclercdrive.fr/image.ashx?id=2289687&use=l&cat=p&typeid=i","cat":284958},{"id":150307,"n":"Liquide refroidissement TECH9 -25°C - 5L","p":9.99,"u":"2,00 €/L","img":"https://fd8-photos.leclercdrive.fr/image.ashx?id=2162711&use=l&cat=p&typeid=i","cat":298253},{"id":150485,"n":"Chocolat Pâtissier Lindt Noir - 70% cacao - 200g","p":3.45,"u":"17,25 €/KG","img":"https://fd8-photos.leclercdrive.fr/image.ashx?id=2730223&use=l&cat=p&typeid=i","cat":285562},{"id":150486,"n":"Chocolat Pâtissier Lindt Noir - 51% cacao - 200g","p":3.3,"u":"16,50 €/KG","img":"https://fd8-photos.leclercdrive.fr/image.ashx?id=2088726&use=l&cat=p&typeid=i","cat":285562},{"id":150488,"n":"Tartine pain campagne Pasquier - 180g","p":2.39,"u":"13,28 €/KG","img":"https://fd8-photos.leclercdrive.fr/image.ashx?id=2967028&use=l&cat=p&typeid=i","cat":285543},{"id":150552,"n":"Crème légère So Bio Nutri Coco bio - 50ml","p":11.39,"u":"227,80 €/L","img":"https://fd8-photos.leclercdrive.fr/image.ashx?id=2545421&use=l&cat=p&typeid=i","cat":325345},{"id":150588,"n":"Goûter crème cacao Schar Sans gluten - 250g","p":2.82,"u":"11,28 €/KG","img":"https://fd8-photos.leclercdrive.fr/image.ashx?id=2439944&use=l&cat=p&typeid=i","cat":284488},{"id":150590,"n":"Levure de bière Juvamine Beauté vitalité - x50 - 30g","p":3.26,"u":"108,67 €/KG","img":"https://fd8-photos.leclercdrive.fr/image.ashx?id=2773379&use=l&cat=p&typeid=i","cat":313217},{"id":150704,"n":"Whisky Bowmore 9 ans 70cl","p":29.9,"u":"42,71 €/L","img":"https://fd8-photos.leclercdrive.fr/image.ashx?id=2068618&use=l&cat=p&typeid=i","cat":284547},{"id":150763,"n":"Imperméabilisant protecteur Cuir Daim Nubuck 250ml","p":2.68,"u":"10,72 €/L","img":"https://fd8-photos.leclercdrive.fr/image.ashx?id=2835208&use=l&cat=p&typeid=i","cat":285201},{"id":150788,"n":"HERTA Tendre Croc Jambon Fromage sans nitrite 200g x2","p":1.91,"u":"9,55 €/KG","img":"https://fd8-photos.leclercdrive.fr/image.ashx?id=2752885&use=l&cat=p&typeid=i","cat":333671},{"id":150789,"n":"Détartrant multi-usages Melitta 375ml","p":3.99,"u":"10,64 €/L","img":"https://fd8-photos.leclercdrive.fr/image.ashx?id=2871070&use=l&cat=p&typeid=i","cat":325362},{"id":150793,"n":"HERTA Tendre Croc Jambon Fromage sans nitrite 400g x4","p":3.99,"u":"9,98 €/KG","img":"https://fd8-photos.leclercdrive.fr/image.ashx?id=2070144&use=l&cat=p&typeid=i","cat":333671},{"id":150797,"n":"Cire dépilatoire Roll On Nair au sucre lait et miel - 100ml","p":5.5,"u":"55,00 €/L","img":"https://fd8-photos.leclercdrive.fr/image.ashx?id=2903242&use=l&cat=p&typeid=i","cat":325351},{"id":150799,"n":"HERTA Tendre Croc Jambon Fromg ss croûte ss nitrite 200g","p":2.39,"u":"11,95 €/KG","img":"https://fd8-photos.leclercdrive.fr/image.ashx?id=2070153&use=l&cat=p&typeid=i","cat":333671},{"id":150804,"n":"Shampoing hydratant Fructis Hair food Aloe Vera - 350ml","p":3.48,"u":"9,94 €/L","img":"https://fd8-photos.leclercdrive.fr/image.ashx?id=2830594&use=l&cat=p&typeid=i","cat":284606},{"id":151074,"n":"Papier toilette Renova  Magic 4D - x12","p":3.71,"u":"0,31 €/P","img":"https://fd8-photos.leclercdrive.fr/image.ashx?id=2736814&use=l&cat=p&typeid=i","cat":284634},{"id":151075,"n":"Essuie-tout Renova  Design - x4","p":2.45,"u":"0,61 €/P","img":"https://fd8-photos.leclercdrive.fr/image.ashx?id=2072790&use=l&cat=p&typeid=i","cat":284635},{"id":151106,"n":"Vin France Cambras rouge -12,5% Merlot Cabernet Sauvignon -75cl","p":2.6,"u":"3,47 €/L","img":"https://fd8-photos.leclercdrive.fr/image.ashx?id=2941029&use=l&cat=p&typeid=i","cat":289556},{"id":151120,"n":"Fromage blanc Délisse Chèvre nature - 4x100g","p":2.15,"u":"5,38 €/KG","img":"https://fd8-photos.leclercdrive.fr/image.ashx?id=2071152&use=l&cat=p&typeid=i","cat":314998},{"id":151131,"n":"Charbon de bois Beaux Jours 40L","p":11.99,"u":"0,30 €/L","img":"https://fd8-photos.leclercdrive.fr/image.ashx?id=2078371&use=l&cat=p&typeid=i","cat":335917},{"id":151168,"n":"Mousse au chocolat Bonne Maman 4x50g","p":2.49,"u":"12,45 €/KG","img":"https://fd8-photos.leclercdrive.fr/image.ashx?id=2912323&use=l&cat=p&typeid=i","cat":284417},{"id":151170,"n":"Riz au lait Andros Coco vanille - 4x100g","p":3.45,"u":"8,63 €/KG","img":"https://fd8-photos.leclercdrive.fr/image.ashx?id=2872024&use=l&cat=p&typeid=i","cat":316071},{"id":151227,"n":"Smarties Lapin Chocolat Pâques  175g","p":5.17,"u":"29,54 €/KG","img":"https://fd8-photos.leclercdrive.fr/image.ashx?id=2071928&use=l&cat=p&typeid=i","cat":284958},{"id":151235,"n":"HERTA Blanc de poulet nature sans nitrite - 140g 4T","p":2.15,"u":"15,36 €/KG","img":"https://fd8-photos.leclercdrive.fr/image.ashx?id=2731348&use=l&cat=p&typeid=i","cat":316010},{"id":151290,"n":"Herta Blanc de poulet -25% de sel sans nitrite 140g 4T","p":1.56,"u":"11,14 €/KG","img":"https://fd8-photos.leclercdrive.fr/image.ashx?id=2307733&use=l&cat=p&typeid=i","cat":316010},{"id":151376,"n":"Poulet fermier Auvergne NRT Label Rouge - 1.45kg","p":11.5,"u":"7,93 €/KG","img":"https://fd8-photos.leclercdrive.fr/image.ashx?id=2699828&use=l&cat=p&typeid=i","cat":284336},{"id":151423,"n":"Café en grains Malongo Petits Producteurs - 500g","p":9.25,"u":"18,50 €/KG","img":"https://fd8-photos.leclercdrive.fr/image.ashx?id=2073574&use=l&cat=p&typeid=i","cat":293237},{"id":151460,"n":"Desserts Lactés P'TIT ONCTUEUX BIO NAT Sucre Canne 6M+ - 4x90g","p":1.8,"u":"5,00 €/KG","img":"https://fd8-photos.leclercdrive.fr/image.ashx?id=2235821&use=l&cat=p&typeid=i","cat":312392},{"id":151464,"n":"Fromage blanc Calin Extra Nature - 8x100g","p":2.39,"u":"2,99 €/KG","img":"https://fd8-photos.leclercdrive.fr/image.ashx?id=2973736&use=l&cat=p&typeid=i","cat":284409},{"id":151472,"n":"Fromage blanc Calin Extra Nature - 850g","p":2.48,"u":"2,92 €/KG","img":"https://fd8-photos.leclercdrive.fr/image.ashx?id=2973739&use=l&cat=p&typeid=i","cat":284409},{"id":151474,"n":"Fromage blanc Calin 0% Extra Naure - 8x100g","p":2.48,"u":"3,10 €/KG","img":"https://fd8-photos.leclercdrive.fr/image.ashx?id=2973733&use=l&cat=p&typeid=i","cat":284409},{"id":151486,"n":"Galette moelleuse Saint Michel Pépite de chocolat - 180g","p":1.61,"u":"8,94 €/KG","img":"https://fd8-photos.leclercdrive.fr/image.ashx?id=2936245&use=l&cat=p&typeid=i","cat":284495},{"id":151539,"n":"Crème jour anti-rides N.A.E. Bio - 50ml","p":10.15,"u":"203,00 €/L","img":"https://fd8-photos.leclercdrive.fr/image.ashx?id=2546434&use=l&cat=p&typeid=i","cat":325345},{"id":151540,"n":"Crème nuit anti-rides N.A.E. Bio - 50ml","p":10.15,"u":"203,00 €/L","img":"https://fd8-photos.leclercdrive.fr/image.ashx?id=2450736&use=l&cat=p&typeid=i","cat":325345},{"id":151602,"n":"Papier cuisson Albal Rouleau - 8m","p":2.5,"u":"0,31 €/MT","img":"https://fd8-photos.leclercdrive.fr/image.ashx?id=2551450&use=l&cat=p&typeid=i","cat":334134},{"id":151686,"n":"Petit Pois et Carotte Bonduelle Sans Arôme Ajouté 3x130g","p":3.24,"u":"8,31 €/KG","img":"https://fd8-photos.leclercdrive.fr/image.ashx?id=2913136&use=l&cat=p&typeid=i","cat":312607},{"id":151871,"n":"Pruneaux d'Agen Bio Village Bio IGP Dénoyautés - 250g","p":3.99,"u":"15,96 €/KG","img":"https://fd8-photos.leclercdrive.fr/image.ashx?id=2584035&use=l&cat=p&typeid=i","cat":284357},{"id":151909,"n":"Désinfectant 4en1 Assainol Pistolet - 500ml","p":4.16,"u":"8,32 €/L","img":"https://fd8-photos.leclercdrive.fr/image.ashx?id=2075600&use=l&cat=p&typeid=i","cat":325357},{"id":151936,"n":"Yaourt brassé Bio Les 2 Vaches Vanille - 4x115g","p":2.03,"u":"4,41 €/KG","img":"https://fd8-photos.leclercdrive.fr/image.ashx?id=2571542&use=l&cat=p&typeid=i","cat":284410},{"id":151957,"n":"Poudre fondante L'Oréal Paris Accord Parfait 5D Sable doré","p":15.73,"img":"https://fd8-photos.leclercdrive.fr/image.ashx?id=2278055&use=l&cat=p&typeid=i","cat":287029},{"id":151958,"n":"Poudre fondante L'Oréal Paris Accord Parfait 4N Beige","p":15.73,"img":"https://fd8-photos.leclercdrive.fr/image.ashx?id=2423445&use=l&cat=p&typeid=i","cat":287029},{"id":151959,"n":"Mascara Allongeant L'OréalParis Telescopic Carbone Noir","p":17.75,"img":"https://fd8-photos.leclercdrive.fr/image.ashx?id=2886178&use=l&cat=p&typeid=i","cat":287029},{"id":151960,"n":"Poudre fondante L'Oréal Paris Accord Parfait Beige Rosé - x1","p":15.73,"img":"https://fd8-photos.leclercdrive.fr/image.ashx?id=2471316&use=l&cat=p&typeid=i","cat":287029},{"id":151961,"n":"Fond de Teint L'Oréal Paris Accord Parfait 3.5.N Pêche","p":15.73,"img":"https://fd8-photos.leclercdrive.fr/image.ashx?id=2108273&use=l&cat=p&typeid=i","cat":287029},{"id":151962,"n":"Fond de Teint L'Oréal Paris Accord Parfait 1.R Ivoire Rosé","p":15.73,"u":"524,33 €/L","img":"https://fd8-photos.leclercdrive.fr/image.ashx?id=2395550&use=l&cat=p&typeid=i","cat":287029},{"id":151963,"n":"Fond de teint L'Oréal Paris Accord Parfait Ambre Doré -30ml","p":15.73,"u":"524,33 €/L","img":"https://fd8-photos.leclercdrive.fr/image.ashx?id=2300521&use=l&cat=p&typeid=i","cat":287029},{"id":151964,"n":"BB Crème Teintée L'Oréal Paris Nuance 04 médium - 30ml","p":13.76,"u":"458,67 €/L","img":"https://fd8-photos.leclercdrive.fr/image.ashx?id=3014551&use=l&cat=p&typeid=i","cat":287029},{"id":151965,"n":"CC Crème L'Oréal Paris Anti-Rougeurs","p":14.06,"img":"https://fd8-photos.leclercdrive.fr/image.ashx?id=3014557&use=l&cat=p&typeid=i","cat":287029},{"id":151966,"n":"Eyeliner Feutre L'Oréal Paris  Waterproof 01 Noir intense","p":9.85,"pp":6.5,"img":"https://fd8-photos.leclercdrive.fr/image.ashx?id=2370380&use=l&cat=p&typeid=i","cat":287029},{"id":151968,"n":"Mascara Maybelline  Colossal Volum'express Noir","p":9.71,"img":"https://fd8-photos.leclercdrive.fr/image.ashx?id=2592180&use=l&cat=p&typeid=i","cat":287029},{"id":151970,"n":"Vernis à ongles gel Maybelline Superstay 06 Rouge Profond","p":6.85,"img":"https://fd8-photos.leclercdrive.fr/image.ashx?id=2344978&use=l&cat=p&typeid=i","cat":325347},{"id":151971,"n":"Encre à lèvres mat Maybelline Superstay Matte Ink 20 Pioneer","p":13.51,"img":"https://fd8-photos.leclercdrive.fr/image.ashx?id=2423181&use=l&cat=p&typeid=i","cat":287029},{"id":151972,"n":"Correcteur anticerne Maybelline Instant Anti-Age 00 Ivoire","p":11.55,"img":"https://fd8-photos.leclercdrive.fr/image.ashx?id=2770545&use=l&cat=p&typeid=i","cat":287029},{"id":151980,"n":"Blush en poudre L'Oréal Paris Wake up and Glow Peach Addict","p":13.21,"img":"https://fd8-photos.leclercdrive.fr/image.ashx?id=2887008&use=l&cat=p&typeid=i","cat":287029},{"id":152001,"n":"Gnocchi à poêler Roll Lustucru  300g","p":1.79,"u":"5,97 €/KG","img":"https://fd8-photos.leclercdrive.fr/image.ashx?id=2792408&use=l&cat=p&typeid=i","cat":333682},{"id":152022,"n":"Friands à la viande L'Atelier Traiteur x2 - 200g","p":2.99,"u":"14,95 €/KG","img":"https://fd8-photos.leclercdrive.fr/image.ashx?id=2130874&use=l&cat=p&typeid=i","cat":333671},{"id":152023,"n":"Renovateur blanc La Vachette avec applicateur - 75ml","p":2.16,"u":"28,80 €/L","img":"https://fd8-photos.leclercdrive.fr/image.ashx?id=2075287&use=l&cat=p&typeid=i","cat":285201},{"id":152024,"n":"Cirage liquide noir La Vachette avec applicateur - 75ml","p":2.09,"u":"27,87 €/L","img":"https://fd8-photos.leclercdrive.fr/image.ashx?id=2075275&use=l&cat=p&typeid=i","cat":285201},{"id":152025,"n":"Cirage liquide La Vachette Incolore avec applicateur -75ml","p":2.09,"u":"27,87 €/L","img":"https://fd8-photos.leclercdrive.fr/image.ashx?id=2075278&use=l&cat=p&typeid=i","cat":285201},{"id":152027,"n":"Cirage crème noir La Vachette Boîte métal - 75ml","p":2.87,"u":"38,27 €/L","img":"https://fd8-photos.leclercdrive.fr/image.ashx?id=2566842&use=l&cat=p&typeid=i","cat":285201},{"id":152029,"n":"Cirage crème marron La Vachette Boîte métal - 75ml","p":2.87,"u":"38,27 €/L","img":"https://fd8-photos.leclercdrive.fr/image.ashx?id=2566845&use=l&cat=p&typeid=i","cat":285201},{"id":152030,"n":"Cirage liquide La Vachette Marron avec applicateur - 75ml","p":2.09,"u":"27,87 €/L","img":"https://fd8-photos.leclercdrive.fr/image.ashx?id=2075290&use=l&cat=p&typeid=i","cat":285201},{"id":152041,"n":"Déodorant bille bio BionaÏa Eau coco/Aloe Vera - 50ml","p":1.35,"u":"27,00 €/L","img":"https://fd8-photos.leclercdrive.fr/image.ashx?id=2496964&use=l&cat=p&typeid=i","cat":284595},{"id":152042,"n":"Déodorant bille bio BionaÏa A la rose/aloe vera - 50ml","p":1.35,"u":"27,00 €/L","img":"https://fd8-photos.leclercdrive.fr/image.ashx?id=2481240&use=l&cat=p&typeid=i","cat":284595},{"id":152043,"n":"Déodorant bio BionaÏa 100ml","p":1.8,"u":"18,00 €/L","img":"https://fd8-photos.leclercdrive.fr/image.ashx?id=2075272&use=l&cat=p&typeid=i","cat":284595},{"id":152348,"n":"Cure Age Perfect L'Oréal Paris Ampoules raffermissantes 7j-7ml","p":18.38,"img":"https://fd8-photos.leclercdrive.fr/image.ashx?id=2300566&use=l&cat=p&typeid=i","cat":325345},{"id":152349,"n":"Sérum nuit anti-âge L'Oréal Revitalift Rétinol Pur - 30ml","p":17.99,"u":"599,67 €/L","img":"https://fd8-photos.leclercdrive.fr/image.ashx?id=2867530&use=l&cat=p&typeid=i","cat":325345},{"id":152350,"n":"Desserts lactés P'tit Onctueux Bio Banane 6M+ 4x90g","p":1.8,"u":"5,00 €/KG","img":"https://fd8-photos.leclercdrive.fr/image.ashx?id=2234153&use=l&cat=p&typeid=i","cat":312392},{"id":152365,"n":"Crème éclat La Provençale Bio Jouvence Anti-Âge - 50ml","p":9.72,"u":"194,40 €/L","img":"https://fd8-photos.leclercdrive.fr/image.ashx?id=2948147&use=l&cat=p&typeid=i","cat":325345},{"id":152381,"n":"Moutarde Maille Fine & douce - 370g","p":2.85,"u":"7,70 €/KG","img":"https://fd8-photos.leclercdrive.fr/image.ashx?id=2570763&use=l&cat=p&typeid=i","cat":288850},{"id":152407,"n":"Bande Mercurochrome Peau sensible - x10","p":1.63,"u":"95,88 €/KG","img":"https://fd8-photos.leclercdrive.fr/image.ashx?id=2785832&use=l&cat=p&typeid=i","cat":284630},{"id":152408,"n":"Compresses Mercurochrome Stériles Ultra-douces - x20","p":2.85,"u":"0,14 €/P","img":"https://fd8-photos.leclercdrive.fr/image.ashx?id=2663986&use=l&cat=p&typeid=i","cat":284630},{"id":152428,"n":"Semelles Gel Soft Femme Chaussures Plates et Ballerines","p":18.59,"img":"https://fd8-photos.leclercdrive.fr/image.ashx?id=2431701&use=l&cat=p&typeid=i","cat":325354},{"id":152433,"n":"Semelles Gel Soft Femme Talons Hauts et Aiguilles","p":18.09,"img":"https://fd8-photos.leclercdrive.fr/image.ashx?id=2630214&use=l&cat=p&typeid=i","cat":325354},{"id":152473,"n":"Billes Chocolat au Lait KitKat Sachet - 400g","p":6.15,"u":"15,38 €/KG","img":"https://fd8-photos.leclercdrive.fr/image.ashx?id=2807087&use=l&cat=p&typeid=i","cat":304238},{"id":152502,"n":"Quatre-quart Ker Cadélac 500g","p":3.79,"u":"7,58 €/KG","img":"https://fd8-photos.leclercdrive.fr/image.ashx?id=2958848&use=l&cat=p&typeid=i","cat":294776},{"id":152505,"n":"Boisson végétale Bio Bjorg 1L","p":1.4,"u":"1,40 €/L","img":"https://fd8-photos.leclercdrive.fr/image.ashx?id=2972994&use=l&cat=p&typeid=i","cat":316067},{"id":152506,"n":"Boisson avoine Bio Bjorg Sans sucres - 1L","p":2.45,"u":"2,45 €/L","img":"https://fd8-photos.leclercdrive.fr/image.ashx?id=2939454&use=l&cat=p&typeid=i","cat":316067},{"id":152512,"n":"Mini fourrés Bio Bjorg Chocolat noir - 180g","p":3.2,"u":"17,78 €/KG","img":"https://fd8-photos.leclercdrive.fr/image.ashx?id=2906229&use=l&cat=p&typeid=i","cat":284488},{"id":152525,"n":"Céréales croustillant Bio Bjorg Chocolat lait - 450g","p":3.69,"u":"8,20 €/KG","img":"https://fd8-photos.leclercdrive.fr/image.ashx?id=2906223&use=l&cat=p&typeid=i","cat":309512},{"id":152576,"n":"Crêpes 1/2 lune Eco+ Jambon emmental - x20 - 1kg","p":2.31,"u":"2,31 €/KG","img":"https://fd8-photos.leclercdrive.fr/image.ashx?id=2698144&use=l&cat=p&typeid=i","cat":319776},{"id":152594,"n":"Desserts Lactés P'tit GOURMAND BIO Vanille  6M+ - 4x90g","p":1.59,"u":"4,42 €/KG","img":"https://fd8-photos.leclercdrive.fr/image.ashx?id=2629704&use=l&cat=p&typeid=i","cat":312392},{"id":152596,"n":"Câpres Maille Surfines - 85g","p":2.39,"u":"28,12 €/KG","img":"https://fd8-photos.leclercdrive.fr/image.ashx?id=2539674&use=l&cat=p&typeid=i","cat":284458},{"id":152608,"n":"Mayonnaise de Dijon Amora 5 ingrédients - 400g","p":3.28,"u":"8,20 €/KG","img":"https://fd8-photos.leclercdrive.fr/image.ashx?id=3005392&use=l&cat=p&typeid=i","cat":298295},{"id":152610,"n":"Pasta Box Sodebo Fusilli à la Bolognaise - 330g","p":2.75,"u":"8,33 €/KG","img":"https://fd8-photos.leclercdrive.fr/image.ashx?id=2991996&use=l&cat=p&typeid=i","cat":334983},{"id":152611,"n":"Gâteaux Kinder Délice coconut Noix de coco et cacao - 10x37g","p":3.91,"u":"10,57 €/KG","img":"https://fd8-photos.leclercdrive.fr/image.ashx?id=2832482&use=l&cat=p&typeid=i","cat":284495},{"id":152612,"n":"Pasta Box Sodebo Fusilli à la Carbonara - 330g","p":2.79,"u":"8,45 €/KG","img":"https://fd8-photos.leclercdrive.fr/image.ashx?id=2919781&use=l&cat=p&typeid=i","cat":334983},{"id":152615,"n":"Pasta Box Sodebo Fusilli Fromages Italiens -330g","p":2.75,"u":"8,33 €/KG","img":"https://fd8-photos.leclercdrive.fr/image.ashx?id=2919784&use=l&cat=p&typeid=i","cat":334983},{"id":152616,"n":"Pasta Box Sodebo Fusilli Saumon - 280g","p":3.79,"u":"12,63 €/KG","img":"https://fd8-photos.leclercdrive.fr/image.ashx?id=2985078&use=l&cat=p&typeid=i","cat":334983},{"id":152638,"n":"Pansement Mercurochrome Spécial doigts - x12","p":2.56,"u":"0,21 €/P","img":"https://fd8-photos.leclercdrive.fr/image.ashx?id=2862146&use=l&cat=p&typeid=i","cat":284630},{"id":152639,"n":"Pansement Mercurochrome Cicatrisation active - x6","p":7.99,"u":"363,18 €/KG","img":"https://fd8-photos.leclercdrive.fr/image.ashx?id=2078139&use=l&cat=p&typeid=i","cat":284630},{"id":152640,"n":"Pansements Mercurochrome Stop coupures 3mx2.5cm - x1","p":9.31,"img":"https://fd8-photos.leclercdrive.fr/image.ashx?id=2519033&use=l&cat=p&typeid=i","cat":284630},{"id":152650,"n":"Pansements Mercurochrome Tissu-résistant - x40","p":4.29,"u":"0,11 €/P","img":"https://fd8-photos.leclercdrive.fr/image.ashx?id=2862149&use=l&cat=p&typeid=i","cat":284630},{"id":152651,"n":"Pansements Mercurochrome Coricide - x12","p":2.96,"u":"0,25 €/P","img":"https://fd8-photos.leclercdrive.fr/image.ashx?id=2663968&use=l&cat=p&typeid=i","cat":284630},{"id":152736,"n":"Camembert Le Rustique Extra coulant - 240g","p":3.55,"u":"14,79 €/KG","img":"https://fd8-photos.leclercdrive.fr/image.ashx?id=2797479&use=l&cat=p&typeid=i","cat":314033},{"id":152774,"n":"Sauce Algérienne Heinz - 220g","p":2.29,"u":"10,41 €/KG","img":"https://fd8-photos.leclercdrive.fr/image.ashx?id=2926846&use=l&cat=p&typeid=i","cat":318431},{"id":152903,"n":"Sparadrap Mercurochrome Résistant à l'eau - 7mx2,5cm","p":2.22,"img":"https://fd8-photos.leclercdrive.fr/image.ashx?id=2862155&use=l&cat=p&typeid=i","cat":284630},{"id":152908,"n":"Huile Mercurochrome d'amande douce raffinée - 100ml","p":5.79,"u":"57,90 €/L","img":"https://fd8-photos.leclercdrive.fr/image.ashx?id=2663983&use=l&cat=p&typeid=i","cat":284630},{"id":152920,"n":"Poche chaud/froid Mercurochrome Réutilisable - 1 pièce","p":10.87,"img":"https://fd8-photos.leclercdrive.fr/image.ashx?id=2333869&use=l&cat=p&typeid=i","cat":284630},{"id":152923,"n":"Tire-tiques Mercurochrome 1 pièce","p":8.35,"img":"https://fd8-photos.leclercdrive.fr/image.ashx?id=2519042&use=l&cat=p&typeid=i","cat":284630},{"id":152938,"n":"Tulles brûlures Mercurochrome x4","p":6.85,"u":"1,71 €/P","img":"https://fd8-photos.leclercdrive.fr/image.ashx?id=2731468&use=l&cat=p&typeid=i","cat":284630},{"id":152940,"n":"Soin Mercurochrome ongles âbimés - 1 pièce","p":11.55,"img":"https://fd8-photos.leclercdrive.fr/image.ashx?id=2663995&use=l&cat=p&typeid=i","cat":284630},{"id":152984,"n":"AOP Prosecco rosé  Vilaveroni - 75cl","p":6.31,"u":"8,41 €/L","img":"https://fd8-photos.leclercdrive.fr/image.ashx?id=2492354&use=l&cat=p&typeid=i","cat":289558},{"id":153015,"n":"Cassonade pure canne Daddy 750g","p":2.49,"u":"3,32 €/KG","img":"https://fd8-photos.leclercdrive.fr/image.ashx?id=2944702&use=l&cat=p&typeid=i","cat":284502},{"id":153058,"n":"Cônes glacés Trium Coco - x6 - 411g","p":2.69,"u":"6,55 €/KG","img":"https://fd8-photos.leclercdrive.fr/image.ashx?id=2931844&use=l&cat=p&typeid=i","cat":284264},{"id":153059,"n":"Cônes glacés Trium Chocolat - x6 - 423g","p":2.13,"u":"5,04 €/KG","img":"https://fd8-photos.leclercdrive.fr/image.ashx?id=2931829&use=l&cat=p&typeid=i","cat":284264},{"id":153060,"n":"Cônes glacés Trium Vanille caramel - x6 - 432g","p":2.53,"u":"5,86 €/KG","img":"https://fd8-photos.leclercdrive.fr/image.ashx?id=2931835&use=l&cat=p&typeid=i","cat":284264},{"id":153061,"n":"Cônes glacés Trium Vanille fraise - x6 - 426g","p":1.69,"u":"3,97 €/KG","img":"https://fd8-photos.leclercdrive.fr/image.ashx?id=2931808&use=l&cat=p&typeid=i","cat":284264},{"id":153062,"n":"Cônes glacés Trium Vanille nougatine x6 - 402g","p":1.59,"u":"3,96 €/KG","img":"https://fd8-photos.leclercdrive.fr/image.ashx?id=2931805&use=l&cat=p&typeid=i","cat":284264},{"id":153064,"n":"Mini cônesTrium Vanille Chocolat x8 - 344g","p":2.99,"u":"8,69 €/KG","img":"https://fd8-photos.leclercdrive.fr/image.ashx?id=2931841&use=l&cat=p&typeid=i","cat":284264},{"id":153065,"n":"Cônes glacés Trium A l'italienne chocolat x4 286g","p":2.3,"u":"8,04 €/KG","img":"https://fd8-photos.leclercdrive.fr/image.ashx?id=2931799&use=l&cat=p&typeid=i","cat":284264},{"id":153066,"n":"Cônes glacés Trium A l'italienne fraise x4 - 286g","p":2.26,"u":"7,90 €/KG","img":"https://fd8-photos.leclercdrive.fr/image.ashx?id=2931802&use=l&cat=p&typeid=i","cat":284264},{"id":153067,"n":"Cônes glacés Trium Fruits rouges - x6 - 474g","p":2.51,"u":"5,30 €/KG","img":"https://fd8-photos.leclercdrive.fr/image.ashx?id=2931832&use=l&cat=p&typeid=i","cat":284264},{"id":153068,"n":"Cônes glacés Trium Sorbet mangue passion x6 456g","p":2.56,"u":"5,61 €/KG","img":"https://fd8-photos.leclercdrive.fr/image.ashx?id=2931823&use=l&cat=p&typeid=i","cat":284264},{"id":153069,"n":"Cônes glacés Trium Rhum raisins - x6 - 414g","p":2.43,"u":"5,87 €/KG","img":"https://fd8-photos.leclercdrive.fr/image.ashx?id=2931814&use=l&cat=p&typeid=i","cat":284264},{"id":153070,"n":"Cônes glacés Trium Menthe chocolat x6 - 414g","p":2.19,"u":"5,29 €/KG","img":"https://fd8-photos.leclercdrive.fr/image.ashx?id=2931826&use=l&cat=p&typeid=i","cat":284264},{"id":153071,"n":"Cônes glacés Trium Crème brulée - x6 - 426g","p":2.52,"u":"5,92 €/KG","img":"https://fd8-photos.leclercdrive.fr/image.ashx?id=2931820&use=l&cat=p&typeid=i","cat":284264},{"id":153072,"n":"Cônes glacés Trium Café - x6 - 426g","p":2.19,"u":"5,14 €/KG","img":"https://fd8-photos.leclercdrive.fr/image.ashx?id=2931838&use=l&cat=p&typeid=i","cat":284264},{"id":153073,"n":"Cônes glacés Trium Vanille chocolat - x6 - 426g","p":1.93,"u":"4,53 €/KG","img":"https://fd8-photos.leclercdrive.fr/image.ashx?id=2931817&use=l&cat=p&typeid=i","cat":284264},{"id":153074,"n":"Cônes glacés Trium Citron framboise x6 - 456g","p":2.67,"u":"5,86 €/KG","img":"https://fd8-photos.leclercdrive.fr/image.ashx?id=2931811&use=l&cat=p&typeid=i","cat":284264},{"id":153075,"n":"Cônes glacés Trium Chocolat pistaches - x6 - 402g","p":1.99,"u":"4,95 €/KG","img":"https://fd8-photos.leclercdrive.fr/image.ashx?id=2909909&use=l&cat=p&typeid=i","cat":284264},{"id":153089,"n":"Lotion anti-insectes Autan 100 ml","p":7.83,"u":"78,30 €/L","img":"https://fd8-photos.leclercdrive.fr/image.ashx?id=2791575&use=l&cat=p&typeid=i","cat":298368},{"id":153151,"n":"Jambon Supérieur Fleury Michon sans nitrite x4 - 140g","p":2.35,"u":"16,79 €/KG","img":"https://fd8-photos.leclercdrive.fr/image.ashx?id=2889475&use=l&cat=p&typeid=i","cat":316009},{"id":153153,"n":"Jambon Supérieur Fleury Michon -25% sel sans nitrite- x2 - 70g","p":2.25,"u":"32,14 €/KG","img":"https://fd8-photos.leclercdrive.fr/image.ashx?id=2889484&use=l&cat=p&typeid=i","cat":316009},{"id":153158,"n":"Jambon Simplement Bon Fleury  Michon -25% de sel - x6 - 210g","p":3.25,"u":"15,48 €/KG","img":"https://fd8-photos.leclercdrive.fr/image.ashx?id=2842696&use=l&cat=p&typeid=i","cat":316009},{"id":153166,"n":"Jambon Simplement Bon Fleury Michon - x6 - 240g","p":2.89,"u":"12,04 €/KG","img":"https://fd8-photos.leclercdrive.fr/image.ashx?id=2843150&use=l&cat=p&typeid=i","cat":316009},{"id":153167,"n":"Jambon Simplement Bon  Fleury Michon - x8 - 320g","p":4.04,"u":"12,63 €/KG","img":"https://fd8-photos.leclercdrive.fr/image.ashx?id=3008383&use=l&cat=p&typeid=i","cat":316009},{"id":153229,"n":"Mayonnaise de Dijon Amora Tube - 175g","p":1.81,"u":"10,34 €/KG","img":"https://fd8-photos.leclercdrive.fr/image.ashx?id=2082711&use=l&cat=p&typeid=i","cat":298295},{"id":153230,"n":"Mayonnaise de Dijon - 705g Flacon - 705g","p":3.83,"u":"5,43 €/KG","img":"https://fd8-photos.leclercdrive.fr/image.ashx?id=2877199&use=l&cat=p&typeid=i","cat":298295},{"id":153242,"n":"Ketchup Amora  468g","p":2.39,"u":"5,11 €/KG","img":"https://fd8-photos.leclercdrive.fr/image.ashx?id=2766628&use=l&cat=p&typeid=i","cat":284455},{"id":153248,"n":"Rôti de porc Fleury Michon Extra tendre - x4 - 160g","p":3.71,"u":"23,19 €/KG","img":"https://fd8-photos.leclercdrive.fr/image.ashx?id=2314050&use=l&cat=p&typeid=i","cat":316009},{"id":153249,"n":"Barre patisserie P'tit Déli Pepites de chocolats 500g","p":3.49,"u":"6,98 €/KG","img":"https://fd8-photos.leclercdrive.fr/image.ashx?id=2609589&use=l&cat=p&typeid=i","cat":294776},{"id":153252,"n":"Tartinable de chèvre frais L'Atelier Fromagerie - 125g","p":2.15,"u":"17,20 €/KG","img":"https://fd8-photos.leclercdrive.fr/image.ashx?id=2999739&use=l&cat=p&typeid=i","cat":314036},{"id":153280,"n":"Saucisses cocktail Stephan 2 nature 1 chorizo - 3x200g","p":6.68,"u":"11,13 €/KG","img":"https://fd8-photos.leclercdrive.fr/image.ashx?id=2097170&use=l&cat=p&typeid=i","cat":284450},{"id":153313,"n":"Gateau Savane Brossard Pocket chocolat - x7  210g","p":2.29,"u":"10,90 €/KG","img":"https://fd8-photos.leclercdrive.fr/image.ashx?id=2870722&use=l&cat=p&typeid=i","cat":284495},{"id":153328,"n":"Gâteaux fourrés Napolitain LU Chocolat - 180g","p":1.7,"u":"9,44 €/KG","img":"https://fd8-photos.leclercdrive.fr/image.ashx?id=3002225&use=l&cat=p&typeid=i","cat":284495},{"id":153350,"n":"Croques jambon fromage L'Atelier Traiteur x2 - 280g","p":3.19,"u":"11,39 €/KG","img":"https://fd8-photos.leclercdrive.fr/image.ashx?id=2846535&use=l&cat=p&typeid=i","cat":333671},{"id":153393,"n":"Eau Aromatisée Vittel Aro Fraise - 1L","p":0.83,"u":"0,83 €/L","img":"https://fd8-photos.leclercdrive.fr/image.ashx?id=2788874&use=l&cat=p&typeid=i","cat":284537},{"id":153447,"n":"Lait Céréales bio Bio Village Vanille 6 mois - 2x25cl","p":2.13,"u":"4,26 €/L","img":"https://fd8-photos.leclercdrive.fr/image.ashx?id=2833026&use=l&cat=p&typeid=i","cat":312226},{"id":153451,"n":"Lait Céréales bio Bio Village Nature 6 mois - 2x25cl","p":1.95,"u":"3,90 €/KG","img":"https://fd8-photos.leclercdrive.fr/image.ashx?id=2833029&use=l&cat=p&typeid=i","cat":312226},{"id":153494,"n":"Desserts Lactés P'TIT BRASSE Abricot BIO 6M+ - 4x90g","p":1.61,"u":"4,47 €/KG","img":"https://fd8-photos.leclercdrive.fr/image.ashx?id=2672581&use=l&cat=p&typeid=i","cat":312392},{"id":153929,"n":"Bûche de chèvre frais cendrée L'Atelier Fromagerie - 200g","p":3.19,"u":"15,95 €/KG","img":"https://fd8-photos.leclercdrive.fr/image.ashx?id=2999646&use=l&cat=p&typeid=i","cat":314036},{"id":153967,"n":"Changes bébé Lotus Baby T2 Douceur naturelle 3/6kg - x45","p":12.91,"u":"0,29 €/P","img":"https://fd8-photos.leclercdrive.fr/image.ashx?id=2909206&use=l&cat=p&typeid=i","cat":284737},{"id":153969,"n":"Culottes Lotus Baby T3 Douceur naturelle 7/11kg - x34","p":15.11,"u":"0,44 €/P","img":"https://fd8-photos.leclercdrive.fr/image.ashx?id=2449175&use=l&cat=p&typeid=i","cat":290633},{"id":153994,"n":"Lentilles vertes Vivien Paille 500g","p":1.79,"u":"3,58 €/KG","img":"https://fd8-photos.leclercdrive.fr/image.ashx?id=2247697&use=l&cat=p&typeid=i","cat":312609},{"id":154219,"n":"Figurine Thanos Avengers Dès 4 ans","p":25.7,"img":"https://fd8-photos.leclercdrive.fr/image.ashx?id=2293216&use=l&cat=p&typeid=i","cat":334380},{"id":154324,"n":"Volkswagen Coccinelle Playmobil - Dès 4 ans","p":36.99,"img":"https://fd8-photos.leclercdrive.fr/image.ashx?id=2554403&use=l&cat=p&typeid=i","cat":334380},{"id":154345,"n":"Voiture cabriolet - playmobil City Life - Dès 4 ans","p":23.75,"img":"https://fd8-photos.leclercdrive.fr/image.ashx?id=2088003&use=l&cat=p&typeid=i","cat":334380},{"id":154424,"n":"Enchantimals Deanna dragon Dès 4 ans","p":21.91,"pp":14.46,"img":"https://fd8-photos.leclercdrive.fr/image.ashx?id=2227174&use=l&cat=p&typeid=i","cat":334380},{"id":154629,"n":"Bière Blonde Leffe 6,6% - 20x25cl","p":16.09,"u":"3,22 €/L","img":"https://fd8-photos.leclercdrive.fr/image.ashx?id=2995427&use=l&cat=p&typeid=i","cat":334852},{"id":154631,"n":"Boisson multifruits Jafun Format poche - 10x20Cl","p":3.2,"u":"1,60 €/L","img":"https://fd8-photos.leclercdrive.fr/image.ashx?id=2992561&use=l&cat=p&typeid=i","cat":284524},{"id":155102,"n":"Céréales Babybio- Dès 6 mois  Bio 3 Céréales nature  - 220g","p":3.33,"u":"15,14 €/KG","img":"https://fd8-photos.leclercdrive.fr/image.ashx?id=2733259&use=l&cat=p&typeid=i","cat":312225},{"id":155123,"n":"Biscuits fourrés  BN Fraises - 285g","p":1.45,"u":"5,09 €/KG","img":"https://fd8-photos.leclercdrive.fr/image.ashx?id=2878804&use=l&cat=p&typeid=i","cat":284489},{"id":155126,"n":"Boisson à base de vin blanc Very Pech'- Pêche Bio - 75cl","p":3.51,"u":"4,68 €/L","img":"https://fd8-photos.leclercdrive.fr/image.ashx?id=2489455&use=l&cat=p&typeid=i","cat":304569},{"id":155129,"n":"Petits pois doux carottes Bio Bio Village - 420g","p":2.3,"u":"5,48 €/KG","img":"https://fd8-photos.leclercdrive.fr/image.ashx?id=3002710&use=l&cat=p&typeid=i","cat":312607},{"id":155134,"n":"Knacki original Herta x4 - 140g","p":1.35,"u":"9,64 €/KG","img":"https://fd8-photos.leclercdrive.fr/image.ashx?id=2289840&use=l&cat=p&typeid=i","cat":316012},{"id":155244,"n":"Mini cônes Extrême  Vanille  - 8x39g","p":4.54,"u":"14,55 €/KG","img":"https://fd8-photos.leclercdrive.fr/image.ashx?id=2737741&use=l&cat=p&typeid=i","cat":284264},{"id":155293,"n":"Prépa Gâteau alsa Cœur Coulants Chocolat - 275g","p":2.28,"u":"8,29 €/KG","img":"https://fd8-photos.leclercdrive.fr/image.ashx?id=2996443&use=l&cat=p&typeid=i","cat":284505},{"id":155295,"n":"Préparation Cookies alsa Pépites de Chocolat - 240g","p":2.19,"u":"9,13 €/KG","img":"https://fd8-photos.leclercdrive.fr/image.ashx?id=2996446&use=l&cat=p&typeid=i","cat":284505},{"id":155300,"n":"Capsules Starbucks by Nespresso  Italian Style Int 11 - x10","p":3.16,"u":"56,43 €/KG","img":"https://fd8-photos.leclercdrive.fr/image.ashx?id=2654068&use=l&cat=p&typeid=i","cat":284749},{"id":155301,"n":"Biscuit BN chocolat 285g","p":1.45,"u":"5,09 €/KG","img":"https://fd8-photos.leclercdrive.fr/image.ashx?id=2810705&use=l&cat=p&typeid=i","cat":284488},{"id":155302,"n":"Biscuits BN casse croute 400g","p":1.49,"u":"3,73 €/KG","img":"https://fd8-photos.leclercdrive.fr/image.ashx?id=2503900&use=l&cat=p&typeid=i","cat":284491},{"id":155303,"n":"Briochettes Pasquier x12 - 480g","p":2.35,"u":"4,90 €/KG","img":"https://fd8-photos.leclercdrive.fr/image.ashx?id=2417857&use=l&cat=p&typeid=i","cat":284478},{"id":155334,"n":"Gel répulsif Junior Autan Anti-moustique - 100 ml","p":7.49,"u":"74,90 €/L","img":"https://fd8-photos.leclercdrive.fr/image.ashx?id=2791584&use=l&cat=p&typeid=i","cat":299654},{"id":155335,"n":"Répulsif anti-moustiques Autan Tropical - 100ml","p":3.89,"u":"38,90 €/L","img":"https://fd8-photos.leclercdrive.fr/image.ashx?id=2791572&use=l&cat=p&typeid=i","cat":298368},{"id":155337,"n":"Répulsif insectes Autan Botanicals - 100ml","p":8.25,"u":"82,50 €/L","img":"https://fd8-photos.leclercdrive.fr/image.ashx?id=2791569&use=l&cat=p&typeid=i","cat":299654},{"id":155340,"n":"Spray répulsif moustiques Autan Tropical - 100 ml","p":10.15,"u":"101,50 €/L","img":"https://fd8-photos.leclercdrive.fr/image.ashx?id=2791566&use=l&cat=p&typeid=i","cat":299654},{"id":155344,"n":"Spray protection Autan Multi insectes - 100ml","p":7.64,"u":"76,40 €/L","img":"https://fd8-photos.leclercdrive.fr/image.ashx?id=2791578&use=l&cat=p&typeid=i","cat":299654},{"id":155383,"n":"Piles Duracell LR54","p":4.23,"img":"https://fd8-photos.leclercdrive.fr/image.ashx?id=2422571&use=l&cat=p&typeid=i","cat":300572},{"id":155393,"n":"Thon naturel MSC Petit Navire 2x112g","p":5.99,"u":"26,74 €/KG","img":"https://fd8-photos.leclercdrive.fr/image.ashx?id=2226265&use=l&cat=p&typeid=i","cat":303867},{"id":155411,"n":"Chewing-gum Mentos Pure Fresh  Cerise sans sucres - 100g","p":4.89,"u":"48,90 €/KG","img":"https://fd8-photos.leclercdrive.fr/image.ashx?id=2659807&use=l&cat=p&typeid=i","cat":304251},{"id":155418,"n":"Pâte à tartiner Mars 350g","p":4.08,"u":"11,66 €/KG","img":"https://fd8-photos.leclercdrive.fr/image.ashx?id=2736643&use=l&cat=p&typeid=i","cat":284481},{"id":155421,"n":"Pâte à tartiner M&M'S 350g","p":3.56,"u":"10,17 €/KG","img":"https://fd8-photos.leclercdrive.fr/image.ashx?id=2099666&use=l&cat=p&typeid=i","cat":284481},{"id":155422,"n":"Pâte à tartiner Bounty 350g","p":4.12,"u":"11,77 €/KG","img":"https://fd8-photos.leclercdrive.fr/image.ashx?id=2736640&use=l&cat=p&typeid=i","cat":284481},{"id":155440,"n":"Essoreur design France Elephant - x1","p":3.99,"img":"https://fd8-photos.leclercdrive.fr/image.ashx?id=2570421&use=l&cat=p&typeid=i","cat":284669},{"id":155448,"n":"Gâche tranchée Pasquier 500g","p":2.59,"u":"5,18 €/KG","img":"https://fd8-photos.leclercdrive.fr/image.ashx?id=2650516&use=l&cat=p&typeid=i","cat":284478},{"id":155451,"n":"Vin mousseux de France Café de Paris Brut blanc - 75cl","p":6.72,"u":"8,96 €/L","img":"https://fd8-photos.leclercdrive.fr/image.ashx?id=2097842&use=l&cat=p&typeid=i","cat":284544},{"id":155453,"n":"Vin mousseux de France Café  de Paris blanc Demi sec - 75cl","p":6.72,"u":"8,96 €/L","img":"https://fd8-photos.leclercdrive.fr/image.ashx?id=2097848&use=l&cat=p&typeid=i","cat":284544},{"id":155455,"n":"Vin mousseux de France rosé brut Café de Paris -75cl","p":5.07,"u":"6,76 €/L","img":"https://fd8-photos.leclercdrive.fr/image.ashx?id=2097845&use=l&cat=p&typeid=i","cat":289558},{"id":155462,"n":"Séchoir tour 45m x1","p":39.1,"u":"Dont 0,66 € d'éco-part.","img":"https://fd8-photos.leclercdrive.fr/image.ashx?id=2118024&use=l&cat=p&typeid=i","cat":335909},{"id":155511,"n":"Nettoyant Lave-Linge Destop  Désinfectant - x2","p":4.64,"u":"9,28 €/L","img":"https://fd8-photos.leclercdrive.fr/image.ashx?id=2831735&use=l&cat=p&typeid=i","cat":284653},{"id":155549,"n":"Glace Bâtonnet MAGNUM Double Gold Caramel 4x85ml","p":3.08,"u":"10,85 €/KG","img":"https://fd8-photos.leclercdrive.fr/image.ashx?id=2770620&use=l&cat=p&typeid=i","cat":284265},{"id":155567,"n":"Taboulet Pierre Martinet Avocat & Pois chiche - 220g","p":3.55,"u":"16,14 €/KG","img":"https://fd8-photos.leclercdrive.fr/image.ashx?id=3008320&use=l&cat=p&typeid=i","cat":333657},{"id":155714,"n":"Déboucheur Gel Destop  Spécial Cheveux - 1L","p":2.69,"u":"2,69 €/L","img":"https://fd8-photos.leclercdrive.fr/image.ashx?id=2625388&use=l&cat=p&typeid=i","cat":284908},{"id":155717,"n":"Sauce apéritif  Doritos Goût salsa douce -280g","p":2.69,"u":"9,61 €/KG","img":"https://fd8-photos.leclercdrive.fr/image.ashx?id=3014476&use=l&cat=p&typeid=i","cat":284451},{"id":155741,"n":"Filets de cabillaud MSC  L'Atelier Poissonnerie  - 250g","p":6.88,"u":"27,52 €/KG","img":"https://fd8-photos.leclercdrive.fr/image.ashx?id=3004399&use=l&cat=p&typeid=i","cat":284342},{"id":155761,"n":"Filet de lieu noir MSC L'Atelier Poissonnerie  - 250g","p":4.49,"u":"17,96 €/KG","img":"https://fd8-photos.leclercdrive.fr/image.ashx?id=2868702&use=l&cat=p&typeid=i","cat":284342},{"id":155772,"n":"Spray Détachant à Sec Vanish  500ml","p":5.38,"u":"10,76 €/L","img":"https://fd8-photos.leclercdrive.fr/image.ashx?id=2680410&use=l&cat=p&typeid=i","cat":284651},{"id":155776,"n":"Shampoing Le Petit Marseillais  Calendula & coco - 250ml","p":1.73,"u":"6,92 €/L","img":"https://fd8-photos.leclercdrive.fr/image.ashx?id=2684173&use=l&cat=p&typeid=i","cat":284606},{"id":155795,"n":"Soda Coca-Cola - SANS SUCRES Canette - 6x33cl","p":3.39,"u":"1,71 €/L","img":"https://fd8-photos.leclercdrive.fr/image.ashx?id=2736805&use=l&cat=p&typeid=i","cat":284530},{"id":155820,"n":"Salade Batavia verte 1p","p":1.09,"img":"https://fd8-photos.leclercdrive.fr/image.ashx?id=1633577&use=l&cat=p&typeid=i","cat":284352},{"id":155821,"n":"Chou romanesco 1p","p":2.39,"img":"https://fd8-photos.leclercdrive.fr/image.ashx?id=1631949&use=l&cat=p&typeid=i","cat":284352},{"id":155828,"n":"Chou rouge 1p","p":1.99,"img":"https://fd8-photos.leclercdrive.fr/image.ashx?id=560850&use=l&cat=p&typeid=i","cat":284352},{"id":155835,"n":"Salade frisée 1p","p":1.99,"img":"https://fd8-photos.leclercdrive.fr/image.ashx?id=1631221&use=l&cat=p&typeid=i","cat":284352},{"id":155892,"n":"Blanc de Poulet Le Gaulois Sans nitrites x4 - 160g","p":2.39,"u":"14,94 €/KG","img":"https://fd8-photos.leclercdrive.fr/image.ashx?id=2962620&use=l&cat=p&typeid=i","cat":316010},{"id":155894,"n":"Blanc de Dinde Le Gaulois Sans nitrites x4 tranches -160g","p":2.19,"u":"13,69 €/KG","img":"https://fd8-photos.leclercdrive.fr/image.ashx?id=2962623&use=l&cat=p&typeid=i","cat":316010},{"id":155900,"n":"Boisson aux Fruits Jafun Tropical - 10x20cl","p":3.2,"u":"1,60 €/L","img":"https://fd8-photos.leclercdrive.fr/image.ashx?id=2992567&use=l&cat=p&typeid=i","cat":295018},{"id":156020,"n":"Soda Sprite Canette - 6x33cl","p":3.55,"u":"1,79 €/L","img":"https://fd8-photos.leclercdrive.fr/image.ashx?id=2973994&use=l&cat=p&typeid=i","cat":284531},{"id":156022,"n":"Soda Coca Cola Cherry Canette 6x33cl","p":4.45,"u":"2,25 €/L","img":"https://fd8-photos.leclercdrive.fr/image.ashx?id=2997226&use=l&cat=p&typeid=i","cat":284530},{"id":156028,"n":"Sucre Poudre Daddy Extra Fin profil pack 750g","p":1.86,"u":"2,48 €/KG","img":"https://fd8-photos.leclercdrive.fr/image.ashx?id=2936074&use=l&cat=p&typeid=i","cat":284502},{"id":156047,"n":"Sardines  Connétable Huile d'olive et échalotes 135g","p":2.89,"u":"21,41 €/KG","img":"https://fd8-photos.leclercdrive.fr/image.ashx?id=2902711&use=l&cat=p&typeid=i","cat":305146},{"id":156051,"n":"Filet de thon Le Savoureux A l'Huile d'Olive - 115g","p":2.76,"u":"24,00 €/KG","img":"https://fd8-photos.leclercdrive.fr/image.ashx?id=2139043&use=l&cat=p&typeid=i","cat":303867},{"id":156067,"n":"Soda Coca-Cola Canette - 6x33cl","p":4.22,"u":"2,13 €/L","img":"https://fd8-photos.leclercdrive.fr/image.ashx?id=2997229&use=l&cat=p&typeid=i","cat":284530},{"id":156091,"n":"Culottes Pampers Baby Dry Taille 3 6/11kg - x94","p":27.28,"u":"0,29 €/P","img":"https://fd8-photos.leclercdrive.fr/image.ashx?id=2113859&use=l&cat=p&typeid=i","cat":290633},{"id":156127,"n":"Tam Tam l'Original Saint-Michel x18 - 495g","p":3.49,"u":"7,05 €/KG","img":"https://fd8-photos.leclercdrive.fr/image.ashx?id=2905348&use=l&cat=p&typeid=i","cat":284495},{"id":156133,"n":"Mouchoirs Kleenex Balsam x36 étuis","p":5.86,"u":"0,16 €/P","img":"https://fd8-photos.leclercdrive.fr/image.ashx?id=2662493&use=l&cat=p&typeid=i","cat":284638},{"id":156135,"n":"Soda Coca-Cola canettes 12x33cl","p":8.31,"u":"2,10 €/L","img":"https://fd8-photos.leclercdrive.fr/image.ashx?id=2192940&use=l&cat=p&typeid=i","cat":284530},{"id":156137,"n":"Soda Coca-Cola Light canettes - 6x33cl","p":3.82,"u":"1,93 €/L","img":"https://fd8-photos.leclercdrive.fr/image.ashx?id=2194427&use=l&cat=p&typeid=i","cat":284530},{"id":156139,"n":"Soda Coca-Cola - SANS SUCRES Canettes - 20x33cl","p":10.76,"u":"1,63 €/L","img":"https://fd8-photos.leclercdrive.fr/image.ashx?id=2174513&use=l&cat=p&typeid=i","cat":284530},{"id":156140,"n":"Soda Fanta Mangue fruit du dragon canettes - 6x33cl","p":3.83,"u":"1,93 €/L","img":"https://fd8-photos.leclercdrive.fr/image.ashx?id=2996118&use=l&cat=p&typeid=i","cat":284532},{"id":156141,"n":"Soda Fanta citron frappé canettes - 6x33cl","p":3.7,"u":"1,87 €/L","img":"https://fd8-photos.leclercdrive.fr/image.ashx?id=2660212&use=l&cat=p&typeid=i","cat":284532},{"id":156144,"n":"Boisson énergisante Monster Ultra Paradise - 50cl","p":1.69,"u":"3,38 €/L","img":"https://fd8-photos.leclercdrive.fr/image.ashx?id=2681457&use=l&cat=p&typeid=i","cat":284533},{"id":156145,"n":"Thé glacé Fuze tea Saveur pêche - 1,75L","p":1.95,"u":"1,11 €/L","img":"https://fd8-photos.leclercdrive.fr/image.ashx?id=2944395&use=l&cat=p&typeid=i","cat":295019},{"id":156151,"n":"Cônes Extrême Sundae Caramel - 438g","p":3.22,"u":"7,35 €/KG","img":"https://fd8-photos.leclercdrive.fr/image.ashx?id=2844034&use=l&cat=p&typeid=i","cat":284264},{"id":156165,"n":"Sauce bolognaise Bolo Balls 400g","p":2.95,"u":"7,38 €/KG","img":"https://fd8-photos.leclercdrive.fr/image.ashx?id=2918571&use=l&cat=p&typeid=i","cat":287599},{"id":156174,"n":"Biscuits fourrés BN Framboise - 285g","p":1.65,"u":"5,79 €/KG","img":"https://fd8-photos.leclercdrive.fr/image.ashx?id=2474999&use=l&cat=p&typeid=i","cat":284489},{"id":156175,"n":"Doomino St Michel Chocolat - x6","p":1.7,"u":"9,44 €/KG","img":"https://fd8-photos.leclercdrive.fr/image.ashx?id=2949979&use=l&cat=p&typeid=i","cat":284495},{"id":156186,"n":"Mini marbrés Bio Village Bio - 140g","p":2.87,"u":"20,50 €/KG","img":"https://fd8-photos.leclercdrive.fr/image.ashx?id=2893600&use=l&cat=p&typeid=i","cat":284495},{"id":156187,"n":"Mini gâteau fourré Bio Village Fraise Bio - 140g","p":2.28,"u":"16,29 €/KG","img":"https://fd8-photos.leclercdrive.fr/image.ashx?id=2816160&use=l&cat=p&typeid=i","cat":284495},{"id":156188,"n":"Préparation Flan Pâtissier alsa Vanille - 740g","p":4.28,"u":"5,78 €/KG","img":"https://fd8-photos.leclercdrive.fr/image.ashx?id=2790591&use=l&cat=p&typeid=i","cat":284505},{"id":156193,"n":"Farine blé T45 Francine 750g","p":1.14,"u":"1,52 €/KG","img":"https://fd8-photos.leclercdrive.fr/image.ashx?id=2989141&use=l&cat=p&typeid=i","cat":284503},{"id":156198,"n":"Bière blonde Tripel Karmeliet 8,4% - 6x33cl","p":12.99,"u":"6,56 €/L","img":"https://fd8-photos.leclercdrive.fr/image.ashx?id=2675586&use=l&cat=p&typeid=i","cat":334872},{"id":156199,"n":"Bière ambrée Kwak 8,4° - 6x33cl","p":9.64,"u":"4,87 €/L","img":"https://fd8-photos.leclercdrive.fr/image.ashx?id=2677504&use=l&cat=p&typeid=i","cat":334872},{"id":156200,"n":"Wraps Old El Paso de blé nature format familial x10 - 580g","p":3.95,"u":"6,81 €/KG","img":"https://fd8-photos.leclercdrive.fr/image.ashx?id=2745352&use=l&cat=p&typeid=i","cat":288993},{"id":156223,"n":"Croquette Truite One Sterilcat Indoor formula","p":15.78,"u":"5,26 €/KG","img":"https://fd8-photos.leclercdrive.fr/image.ashx?id=2488076&use=l&cat=p&typeid=i","cat":284680},{"id":156226,"n":"Croquette chat Purina One Dual Nature cranberry 1,4kg","p":7.99,"u":"5,71 €/KG","img":"https://fd8-photos.leclercdrive.fr/image.ashx?id=2868155&use=l&cat=p&typeid=i","cat":284680},{"id":156229,"n":"Repas Purina One Spécial chat stérilisé - 680g","p":4.11,"u":"6,04 €/KG","img":"https://fd8-photos.leclercdrive.fr/image.ashx?id=2899725&use=l&cat=p&typeid=i","cat":285286},{"id":156271,"n":"Smarties Hexatube Bonbons Chocolat - 6x34g","p":2.95,"u":"14,46 €/KG","img":"https://fd8-photos.leclercdrive.fr/image.ashx?id=2917690&use=l&cat=p&typeid=i","cat":304238},{"id":156299,"n":"Yaourt à la grecque YAOS  Vanille - 8x125g","p":4.35,"u":"4,35 €/KG","img":"https://fd8-photos.leclercdrive.fr/image.ashx?id=3007942&use=l&cat=p&typeid=i","cat":314999},{"id":156317,"n":"Bâtonnets Poisson  Croustibat pané Findus Cabillaud-x18 450g","p":5.57,"u":"12,38 €/P","img":"https://fd8-photos.leclercdrive.fr/image.ashx?id=2653720&use=l&cat=p&typeid=i","cat":319788},{"id":156342,"n":"Fromage le Coq  125g","p":3.09,"u":"24,72 €/KG","img":"https://fd8-photos.leclercdrive.fr/image.ashx?id=2985315&use=l&cat=p&typeid=i","cat":314032},{"id":156347,"n":"Pointe de Melun AOP L'Atelier Fromagerie - 185g","p":4.25,"u":"22,97 €/KG","img":"https://fd8-photos.leclercdrive.fr/image.ashx?id=2124128&use=l&cat=p&typeid=i","cat":314036},{"id":156348,"n":"Cantal Entre deux AOP NRT L'Atelier Fromagerie - 200g","p":3.5,"u":"17,50 €/KG","img":"https://fd8-photos.leclercdrive.fr/image.ashx?id=2398788&use=l&cat=p&typeid=i","cat":327294},{"id":156350,"n":"Comté 18 mois AOP L'Atelier Fromagerie - 200g","p":5.3,"u":"26,50 €/KG","img":"https://fd8-photos.leclercdrive.fr/image.ashx?id=2130005&use=l&cat=p&typeid=i","cat":327294},{"id":156355,"n":"Grana padano 20 mois AOP L'Atelier Fromagerie - 180g","p":3.99,"u":"22,17 €/KG","img":"https://fd8-photos.leclercdrive.fr/image.ashx?id=2817178&use=l&cat=p&typeid=i","cat":314036},{"id":156397,"n":"Glaces Ferrero Rocher x4 chocolat lait noisettes - 200g","p":3.36,"img":"https://fd8-photos.leclercdrive.fr/image.ashx?id=2759065&use=l&cat=p&typeid=i","cat":284265},{"id":156403,"n":"Coulis de framboise Douceur du Verger - 300g","p":5.67,"u":"18,90 €/KG","img":"https://fd8-photos.leclercdrive.fr/image.ashx?id=2116185&use=l&cat=p&typeid=i","cat":284268},{"id":156405,"n":"Cônes macaron caramel Extrême x6 - 396g","p":3.83,"u":"9,67 €/KG","img":"https://fd8-photos.leclercdrive.fr/image.ashx?id=2878378&use=l&cat=p&typeid=i","cat":284264},{"id":156412,"n":"Glaces Nui Caramel White chocolate & Texan pecan x4 264g","p":4.5,"u":"17,05 €/KG","img":"https://fd8-photos.leclercdrive.fr/image.ashx?id=2519900&use=l&cat=p&typeid=i","cat":284265},{"id":156415,"n":"Bâtonnet Raffaello  Noix de coco amandes x4 - 188g","p":3.36,"u":"17,87 €/KG","img":"https://fd8-photos.leclercdrive.fr/image.ashx?id=2863890&use=l&cat=p&typeid=i","cat":284265},{"id":156423,"n":"Filets de poulet Auvergne NRT x2 Label Rouge - 265g","p":6.15,"u":"23,21 €/KG","img":"https://fd8-photos.leclercdrive.fr/image.ashx?id=2699834&use=l&cat=p&typeid=i","cat":284336},{"id":156436,"n":"Lave glace Eco  Jusqu'à -10°C - 5L","p":3.65,"u":"0,73 €/L","img":"https://fd8-photos.leclercdrive.fr/image.ashx?id=2187257&use=l&cat=p&typeid=i","cat":298252},{"id":156459,"n":"Piscine Bestway Diam. 3.66 m x 76cm","p":106.57,"u":"Dont 0,07 € d'éco-part.","img":"https://fd8-photos.leclercdrive.fr/image.ashx?id=2119522&use=l&cat=p&typeid=i","cat":335918},{"id":156476,"n":"Fromage Feta Grecque Islos AOP - 150g","p":2.85,"u":"19,00 €/KG","img":"https://fd8-photos.leclercdrive.fr/image.ashx?id=2892625&use=l&cat=p&typeid=i","cat":314026},{"id":156493,"n":"Petit pot bébé Blédina 6 mois  Légumes bœuf - 2x200g","p":1.95,"u":"4,88 €/KG","img":"https://fd8-photos.leclercdrive.fr/image.ashx?id=2968091&use=l&cat=p&typeid=i","cat":312236},{"id":156495,"n":"Petit pot bébé Blédina 6 mois Légumes lieu - 2x200g","p":1.84,"u":"4,60 €/KG","img":"https://fd8-photos.leclercdrive.fr/image.ashx?id=2935771&use=l&cat=p&typeid=i","cat":312236},{"id":156496,"n":"Petit pot bébé Blédina 6 mois Potimarron jambon - 2x200g","p":1.95,"u":"4,88 €/KG","img":"https://fd8-photos.leclercdrive.fr/image.ashx?id=2935768&use=l&cat=p&typeid=i","cat":312236},{"id":156497,"n":"Petit pot bébé Blédina 8 mois Riz ratatouille poisson -2x200g","p":3.03,"u":"7,58 €/KG","img":"https://fd8-photos.leclercdrive.fr/image.ashx?id=2911208&use=l&cat=p&typeid=i","cat":312236},{"id":156499,"n":"Petit pot bébé Blédina 8 mois Légumes poulet - 2x200g","p":1.95,"u":"4,88 €/KG","img":"https://fd8-photos.leclercdrive.fr/image.ashx?id=2935765&use=l&cat=p&typeid=i","cat":312236},{"id":156501,"n":"Petit pot bébé Blédina 6 mois Légumes jambon - 2x200g","p":1.95,"u":"4,88 €/KG","img":"https://fd8-photos.leclercdrive.fr/image.ashx?id=2948767&use=l&cat=p&typeid=i","cat":312236},{"id":156503,"n":"Petit pot bébé Blédina 6 mois  Légumes verts poulet - 2x200g","p":1.95,"u":"4,88 €/KG","img":"https://fd8-photos.leclercdrive.fr/image.ashx?id=2983063&use=l&cat=p&typeid=i","cat":312236},{"id":156509,"n":"Poivrons cuisinés Cassegrain Au Piment d'Espelette - 375g","p":3.99,"u":"10,64 €/KG","img":"https://fd8-photos.leclercdrive.fr/image.ashx?id=2913040&use=l&cat=p&typeid=i","cat":312608},{"id":156527,"n":"Capsules Starbucks by Nespresso  Blonde Espresso Int 6 - x18","p":6.05,"u":"64,36 €/KG","img":"https://fd8-photos.leclercdrive.fr/image.ashx?id=2668177&use=l&cat=p&typeid=i","cat":284749},{"id":156528,"n":"Petit pot bébé Blédina 4-6 mois Carotte - 2x130g","p":1.16,"u":"4,46 €/KG","img":"https://fd8-photos.leclercdrive.fr/image.ashx?id=2911870&use=l&cat=p&typeid=i","cat":312234},{"id":156529,"n":"Compote bébé Blédina 4-6 mois Pomme banane - 4x130g","p":2.42,"u":"4,65 €/KG","img":"https://fd8-photos.leclercdrive.fr/image.ashx?id=2911193&use=l&cat=p&typeid=i","cat":312387},{"id":156538,"n":"Compote bébé Blédina 6 mois  Aux fruits - 4x130g","p":2.45,"u":"4,71 €/KG","img":"https://fd8-photos.leclercdrive.fr/image.ashx?id=2911196&use=l&cat=p&typeid=i","cat":312388},{"id":156539,"n":"Petit pot bébé Blédina 6 mois Semoule carotte dinde - 2x200g","p":1.95,"u":"4,88 €/KG","img":"https://fd8-photos.leclercdrive.fr/image.ashx?id=2935774&use=l&cat=p&typeid=i","cat":312236},{"id":156540,"n":"Petit pot bébé Blédina 6 mois Patate douce carotte-2x200g","p":1.79,"u":"4,48 €/KG","img":"https://fd8-photos.leclercdrive.fr/image.ashx?id=2951617&use=l&cat=p&typeid=i","cat":312235},{"id":156550,"n":"Petites Tartelettes Bonne Maman Chocolat caramel - 250g","p":2.19,"u":"8,76 €/KG","img":"https://fd8-photos.leclercdrive.fr/image.ashx?id=2962302&use=l&cat=p&typeid=i","cat":284488},{"id":156553,"n":"Madeleine coeur myrtille x10 sachets fraîcheur","p":5.45,"u":"18,17 €/KG","img":"https://fd8-photos.leclercdrive.fr/image.ashx?id=2936254&use=l&cat=p&typeid=i","cat":284492},{"id":156563,"n":"Petit pot bébé Blédina 6 mois Purée carotte jambon - 2x200g","p":1.95,"u":"4,88 €/KG","img":"https://fd8-photos.leclercdrive.fr/image.ashx?id=2935762&use=l&cat=p&typeid=i","cat":312236},{"id":156598,"n":"Biscuits fourrés bio Jardin Bio Chocolat - 300g","p":2.39,"u":"7,97 €/KG","img":"https://fd8-photos.leclercdrive.fr/image.ashx?id=2903353&use=l&cat=p&typeid=i","cat":284488},{"id":156638,"n":"Emincés de truites fumé ASC Ronde des Mers - 100g","p":4.39,"u":"43,90 €/KG","img":"https://fd8-photos.leclercdrive.fr/image.ashx?id=2953638&use=l&cat=p&typeid=i","cat":285188},{"id":156647,"n":"Compote Pom'Potes Pomme  brugnon banane - 64x90g","p":28.39,"u":"4,93 €/KG","img":"https://fd8-photos.leclercdrive.fr/image.ashx?id=2254574&use=l&cat=p&typeid=i","cat":284508},{"id":156773,"n":"Cahier Easybook 96pages Rouge - grands carreaux-17x22cm","p":1.75,"img":"https://fd8-photos.leclercdrive.fr/image.ashx?id=2749059&use=l&cat=p&typeid=i","cat":284697},{"id":156774,"n":"Cahier Easybook 96pages  Jaune - grands carreaux-17x22cm","p":1.75,"img":"https://fd8-photos.leclercdrive.fr/image.ashx?id=2749062&use=l&cat=p&typeid=i","cat":284697},{"id":156777,"n":"Cahier Easybook 96pages Violet- grands carreaux-17x22cm","p":1.75,"img":"https://fd8-photos.leclercdrive.fr/image.ashx?id=2749071&use=l&cat=p&typeid=i","cat":284697},{"id":156778,"n":"Cahier Easybook 96pages Orange -grands carreaux-17x22cm","p":1.75,"img":"https://fd8-photos.leclercdrive.fr/image.ashx?id=2749074&use=l&cat=p&typeid=i","cat":284697},{"id":156781,"n":"Cahier Easybook 96pages Bleu Petits carreaux 17x22cm","p":1.95,"img":"https://fd8-photos.leclercdrive.fr/image.ashx?id=2134602&use=l&cat=p&typeid=i","cat":284697},{"id":156782,"n":"Cahier Easybook 96pages Rouge-petits carreaux-17x22cm","p":1.95,"img":"https://fd8-photos.leclercdrive.fr/image.ashx?id=2134605&use=l&cat=p&typeid=i","cat":284697},{"id":156783,"n":"Cahier Easybook 96pages Jaune Petits carreaux 17x22cm","p":1.95,"img":"https://fd8-photos.leclercdrive.fr/image.ashx?id=2134608&use=l&cat=p&typeid=i","cat":284697},{"id":156784,"n":"Cahier Easybook 96pages Vert Petits carreaux 17x22cm","p":1.95,"img":"https://fd8-photos.leclercdrive.fr/image.ashx?id=2134611&use=l&cat=p&typeid=i","cat":284697},{"id":156785,"n":"Cahier Easybook 96pages Rose -petits carreaux-17x22cm","p":1.95,"img":"https://fd8-photos.leclercdrive.fr/image.ashx?id=2134614&use=l&cat=p&typeid=i","cat":284697},{"id":156786,"n":"Cahier Easybook 96pages Violet Petits carreaux 17x22cm","p":1.95,"img":"https://fd8-photos.leclercdrive.fr/image.ashx?id=2134617&use=l&cat=p&typeid=i","cat":284697},{"id":156787,"n":"Cahier Easybook 96pages Orange Petits carreaux 17x22cm","p":1.95,"img":"https://fd8-photos.leclercdrive.fr/image.ashx?id=2134620&use=l&cat=p&typeid=i","cat":284697},{"id":156788,"n":"Cahier Easybook 96pages Incolore -petit carreau-17x22cm","p":1.95,"img":"https://fd8-photos.leclercdrive.fr/image.ashx?id=2134623&use=l&cat=p&typeid=i","cat":284697},{"id":156790,"n":"Cahier Easybook 96pages  Jaune-grands carreaux-21x29,7cm","p":3.91,"img":"https://fd8-photos.leclercdrive.fr/image.ashx?id=2749086&use=l&cat=p&typeid=i","cat":284697},{"id":156841,"n":"Cahier TP Easybook 80pages Rouge -grands carreaux- 17x22cm","p":3.3,"img":"https://fd8-photos.leclercdrive.fr/image.ashx?id=2134737&use=l&cat=p&typeid=i","cat":284697},{"id":156922,"n":"Chemises Pulse Couleurs assorties- x4","p":6.99,"img":"https://fd8-photos.leclercdrive.fr/image.ashx?id=2753922&use=l&cat=p&typeid=i","cat":284745},{"id":157138,"n":"Recharges Frixion  x9","p":12.5,"img":"https://fd8-photos.leclercdrive.fr/image.ashx?id=2546392&use=l&cat=p&typeid=i","cat":284696},{"id":157144,"n":"Roller Pilot Frixion Ball  x4 + surligneur - Rose","p":8.75,"img":"https://fd8-photos.leclercdrive.fr/image.ashx?id=2578037&use=l&cat=p&typeid=i","cat":284696},{"id":157154,"n":"Rapporteur 180° Bic 10 cm","p":1.25,"img":"https://fd8-photos.leclercdrive.fr/image.ashx?id=2244977&use=l&cat=p&typeid=i","cat":334133},{"id":157328,"n":"Gourde brassé bio Bio Village Nature sucré - 4x85g","p":2.89,"u":"8,50 €/KG","img":"https://fd8-photos.leclercdrive.fr/image.ashx?id=2704858&use=l&cat=p&typeid=i","cat":312393},{"id":157341,"n":"Préservatifs Durex Comfort x10","p":11.51,"u":"1,15 €/P","img":"https://fd8-photos.leclercdrive.fr/image.ashx?id=2120608&use=l&cat=p&typeid=i","cat":284631},{"id":157503,"n":"Chemise Smiley Rainbow","p":3.55,"img":"https://fd8-photos.leclercdrive.fr/image.ashx?id=2131152&use=l&cat=p&typeid=i","cat":284745},{"id":157504,"n":"Chemise Smiley Tropical","p":3.55,"img":"https://fd8-photos.leclercdrive.fr/image.ashx?id=2131155&use=l&cat=p&typeid=i","cat":284745},{"id":157506,"n":"Tube de peinture Esquisse  Blanc - 20ml","p":0.99,"img":"https://fd8-photos.leclercdrive.fr/image.ashx?id=2124131&use=l&cat=p&typeid=i","cat":334133},{"id":157507,"n":"Tube de peinture Esquisse  Noir - 20ml","p":0.99,"img":"https://fd8-photos.leclercdrive.fr/image.ashx?id=2124134&use=l&cat=p&typeid=i","cat":334133},{"id":157550,"n":"Agenda Esquisse Noir - 16x24cm","p":5.79,"img":"https://fd8-photos.leclercdrive.fr/image.ashx?id=2131467&use=l&cat=p&typeid=i","cat":334133},{"id":157551,"n":"Agenda Esquisse Bleu- 16x24cm","p":5.79,"img":"https://fd8-photos.leclercdrive.fr/image.ashx?id=2131470&use=l&cat=p&typeid=i","cat":334133},{"id":157552,"n":"Agenda Esquisse Rouge - 16x24cm","p":5.79,"img":"https://fd8-photos.leclercdrive.fr/image.ashx?id=2131473&use=l&cat=p&typeid=i","cat":334133},{"id":157611,"n":"Bière blonde La Bête 8° - 75cl","p":3.74,"u":"4,99 €/L","img":"https://fd8-photos.leclercdrive.fr/image.ashx?id=3011242&use=l&cat=p&typeid=i","cat":334872},{"id":157613,"n":"Eau infusée Volvic bio thé vert menthe - 75cl","p":2.24,"u":"2,99 €/L","img":"https://fd8-photos.leclercdrive.fr/image.ashx?id=2479063&use=l&cat=p&typeid=i","cat":284537},{"id":157628,"n":"Crème corps Mixa  Peaux Sèches, Sensibles - 400ml","p":3.46,"u":"8,65 €/L","img":"https://fd8-photos.leclercdrive.fr/image.ashx?id=2338432&use=l&cat=p&typeid=i","cat":325350},{"id":157655,"n":"Crème main Le Petit Marseillais Réparation - Karité - 75ml","p":2.39,"u":"31,87 €/L","img":"https://fd8-photos.leclercdrive.fr/image.ashx?id=2901893&use=l&cat=p&typeid=i","cat":325354},{"id":157681,"n":"Boisson à base de vin rosé Very Pamp Bio-Pamplemousse-75cl","p":4.02,"u":"5,36 €/L","img":"https://fd8-photos.leclercdrive.fr/image.ashx?id=2489452&use=l&cat=p&typeid=i","cat":304569},{"id":157777,"n":"Lave glace hiver TECH9 -30° - Dégivrant - 5L","p":6.99,"u":"1,40 €/L","img":"https://fd8-photos.leclercdrive.fr/image.ashx?id=2162702&use=l&cat=p&typeid=i","cat":298252},{"id":157968,"n":"Capsules café Plantation Espresso Caramel n°7- x10 - 52g","p":2.4,"u":"46,15 €/KG","img":"https://fd8-photos.leclercdrive.fr/image.ashx?id=2929882&use=l&cat=p&typeid=i","cat":284749},{"id":157973,"n":"Capsules café Plantation Lungo Forte n°8 - x10 - 52g","p":2.24,"u":"43,08 €/KG","img":"https://fd8-photos.leclercdrive.fr/image.ashx?id=2867266&use=l&cat=p&typeid=i","cat":284749},{"id":158136,"n":"Jus multifruits nectar Jafaden Sans sucres ajoutés - 1L","p":1.79,"u":"1,79 €/L","img":"https://fd8-photos.leclercdrive.fr/image.ashx?id=2956780&use=l&cat=p&typeid=i","cat":284917},{"id":158143,"n":"Bière menthe Desperados Virgin Mojito - 00%vol - 3x33cl","p":3.33,"u":"3,36 €/L","img":"https://fd8-photos.leclercdrive.fr/image.ashx?id=2975164&use=l&cat=p&typeid=i","cat":334877},{"id":158145,"n":"Bière agrumes Desperados Virgin 0%vol - 6x33cl","p":7.8,"u":"3,94 €/L","img":"https://fd8-photos.leclercdrive.fr/image.ashx?id=2767519&use=l&cat=p&typeid=i","cat":334877},{"id":158181,"n":"Gel Douche Le Petit Marseillais  Bio peche & nectarine-250ml","p":2.18,"u":"8,72 €/L","img":"https://fd8-photos.leclercdrive.fr/image.ashx?id=2685141&use=l&cat=p&typeid=i","cat":284594},{"id":158190,"n":"Eau micellaire Nivea Aloe Vera bio - 400ml","p":4.55,"u":"11,38 €/L","img":"https://fd8-photos.leclercdrive.fr/image.ashx?id=2209576&use=l&cat=p&typeid=i","cat":284603},{"id":158220,"n":"Rhum Havana Club 3 ans 37,5% vol - 70cl","p":16.57,"u":"23,67 €/L","img":"https://fd8-photos.leclercdrive.fr/image.ashx?id=2874096&use=l&cat=p&typeid=i","cat":284550},{"id":158250,"n":"Minicup Haagen-Dazs Fruit Collection x4 - 326g","p":5.28,"u":"16,20 €/KG","img":"https://fd8-photos.leclercdrive.fr/image.ashx?id=2893477&use=l&cat=p&typeid=i","cat":284725},{"id":158285,"n":"Glace Ben & Jerry's Mini pots Cool-loction 4x100ml","p":6.51,"u":"22,60 €/KG","img":"https://fd8-photos.leclercdrive.fr/image.ashx?id=3009278&use=l&cat=p&typeid=i","cat":284725},{"id":158319,"n":"Nettoyant visage solide Nivea Rafraîchissant - 75g","p":6.0,"u":"80,00 €/KG","img":"https://fd8-photos.leclercdrive.fr/image.ashx?id=2859734&use=l&cat=p&typeid=i","cat":284603},{"id":158329,"n":"Gel Douche Le Petit Marseillais  Bio amande douce - 250ml","p":2.18,"u":"8,72 €/L","img":"https://fd8-photos.leclercdrive.fr/image.ashx?id=2685144&use=l&cat=p&typeid=i","cat":284594},{"id":158352,"n":"Gel Douche Le Petit Marseillais Bio Recharge Amande - 250ml","p":1.53,"u":"6,12 €/L","img":"https://fd8-photos.leclercdrive.fr/image.ashx?id=2128914&use=l&cat=p&typeid=i","cat":284594},{"id":158360,"n":"Whisky label 5 Bourbon Barrel 70cl - 40D","p":12.9,"u":"18,43 €/L","img":"https://fd8-photos.leclercdrive.fr/image.ashx?id=2692275&use=l&cat=p&typeid=i","cat":284547},{"id":158363,"n":"Crème Douche Surgras Bio Cadum Karité - 500ml","p":2.49,"u":"4,98 €/L","img":"https://fd8-photos.leclercdrive.fr/image.ashx?id=2575630&use=l&cat=p&typeid=i","cat":284594},{"id":158364,"n":"Whisky Ballantine's 7 ans Blended Scotch 40% vol - 70cl","p":18.95,"u":"27,07 €/L","img":"https://fd8-photos.leclercdrive.fr/image.ashx?id=3000366&use=l&cat=p&typeid=i","cat":284547},{"id":158374,"n":"Shampoing Le Petit Marseillais  Thym & the vert - 250ml","p":1.96,"u":"7,84 €/L","img":"https://fd8-photos.leclercdrive.fr/image.ashx?id=2684176&use=l&cat=p&typeid=i","cat":284606},{"id":158545,"n":"Sauce Mayonnaise La Sablaise 135g","p":2.44,"u":"18,07 €/KG","img":"https://fd8-photos.leclercdrive.fr/image.ashx?id=2617951&use=l&cat=p&typeid=i","cat":327284},{"id":158571,"n":"Plat bébé Blédina 8 mois  Pâtes tomate boeuf - 2x200g","p":2.59,"u":"6,48 €/KG","img":"https://fd8-photos.leclercdrive.fr/image.ashx?id=2975092&use=l&cat=p&typeid=i","cat":312236},{"id":158575,"n":"Single malt Scotch Glenfiddich Tripple Oak 40%vol - 70cl 12ans","p":33.16,"u":"47,37 €/L","img":"https://fd8-photos.leclercdrive.fr/image.ashx?id=2131596&use=l&cat=p&typeid=i","cat":284547},{"id":158631,"n":"Plat bébé soir Blédiner 8 mois  Pâtes épinards - 2x200g","p":2.35,"u":"5,88 €/KG","img":"https://fd8-photos.leclercdrive.fr/image.ashx?id=2845868&use=l&cat=p&typeid=i","cat":312239},{"id":158649,"n":"Lait céréales Blédidej 12 mois Biscuité vanille - 500ml","p":1.85,"u":"3,70 €/KG","img":"https://fd8-photos.leclercdrive.fr/image.ashx?id=2503728&use=l&cat=p&typeid=i","cat":312226},{"id":158684,"n":"Bière blanche Affligem 6x25cl - 4.8%vol","p":5.35,"u":"3,57 €/L","img":"https://fd8-photos.leclercdrive.fr/image.ashx?id=2762055&use=l&cat=p&typeid=i","cat":334878},{"id":158715,"n":"Doomino St Michel Choco Noisette x6 - 180g","p":2.09,"u":"11,61 €/KG","img":"https://fd8-photos.leclercdrive.fr/image.ashx?id=2953495&use=l&cat=p&typeid=i","cat":284495},{"id":158730,"n":"Boulette au boeuf Férial 300g","p":4.19,"u":"13,97 €/KG","img":"https://fd8-photos.leclercdrive.fr/image.ashx?id=2955285&use=l&cat=p&typeid=i","cat":284328},{"id":158756,"n":"Girasoli Turini Chèvre Miel - 250g","p":2.75,"u":"11,00 €/KG","img":"https://fd8-photos.leclercdrive.fr/image.ashx?id=2133243&use=l&cat=p&typeid=i","cat":333682},{"id":158781,"n":"Céréales Fitness  Chocolat noir - 450g","p":2.26,"u":"5,02 €/KG","img":"https://fd8-photos.leclercdrive.fr/image.ashx?id=2922170&use=l&cat=p&typeid=i","cat":309512},{"id":158787,"n":"Petit pot bébé Blédina 6 mois Légume viande poisson - 8x200g","p":7.85,"u":"4,91 €/KG","img":"https://fd8-photos.leclercdrive.fr/image.ashx?id=2948773&use=l&cat=p&typeid=i","cat":312236},{"id":158791,"n":"Poivre noir grain Ducros 200g - n°6","p":9.15,"u":"45,75 €/KG","img":"https://fd8-photos.leclercdrive.fr/image.ashx?id=2486599&use=l&cat=p&typeid=i","cat":284457},{"id":158803,"n":"Rotella Haribo Sachet bonbons réglisse - 300g","p":1.71,"u":"5,70 €/KG","img":"https://fd8-photos.leclercdrive.fr/image.ashx?id=2982402&use=l&cat=p&typeid=i","cat":304250},{"id":158805,"n":"Quinoa gourmand Tipiak Aux épices douces 240g","p":2.75,"u":"11,46 €/KG","img":"https://fd8-photos.leclercdrive.fr/image.ashx?id=2947054&use=l&cat=p&typeid=i","cat":284429},{"id":158837,"n":"Céréales Chocapic Nestlé Pack 6x30g","p":2.23,"u":"12,39 €/KG","img":"https://fd8-photos.leclercdrive.fr/image.ashx?id=2995436&use=l&cat=p&typeid=i","cat":309513},{"id":158891,"n":"Boisson aux fruits Jafun Tropical - 1L","p":1.19,"u":"1,19 €/L","img":"https://fd8-photos.leclercdrive.fr/image.ashx?id=2913763&use=l&cat=p&typeid=i","cat":295018},{"id":158920,"n":"Petit pot bébé Blédina 6 mois Semoule épinards merlu - 2x200g","p":2.45,"u":"6,13 €/KG","img":"https://fd8-photos.leclercdrive.fr/image.ashx?id=2935759&use=l&cat=p&typeid=i","cat":312236},{"id":158936,"n":"Pains au lait La Boulangère x10 - 350g","p":1.99,"u":"5,69 €/KG","img":"https://fd8-photos.leclercdrive.fr/image.ashx?id=2912437&use=l&cat=p&typeid=i","cat":293505},{"id":158949,"n":"Gaufres aux oeufs Lotus 371g","p":3.53,"u":"9,51 €/KG","img":"https://fd8-photos.leclercdrive.fr/image.ashx?id=2133849&use=l&cat=p&typeid=i","cat":294777},{"id":158954,"n":"Glace Pot Mars  Chocolat & Caramel - 280g","p":5.51,"u":"19,68 €/KG","img":"https://fd8-photos.leclercdrive.fr/image.ashx?id=2282691&use=l&cat=p&typeid=i","cat":284725},{"id":158966,"n":"Rainbow Pik Haribo  Sachet bonbons acidulés - 200g","p":1.99,"u":"9,95 €/KG","img":"https://fd8-photos.leclercdrive.fr/image.ashx?id=2982408&use=l&cat=p&typeid=i","cat":304250},{"id":158970,"n":"Sauce Tomacouli Panzani - 200G","p":0.82,"u":"4,10 €/KG","img":"https://fd8-photos.leclercdrive.fr/image.ashx?id=2872853&use=l&cat=p&typeid=i","cat":288384},{"id":159112,"n":"Matière grasse St Hubert Doux - 500g","p":4.3,"u":"8,60 €/KG","img":"https://fd8-photos.leclercdrive.fr/image.ashx?id=2734084&use=l&cat=p&typeid=i","cat":315229},{"id":159209,"n":"Lasagne Lustucru Selection  250g","p":2.61,"u":"10,44 €/KG","img":"https://fd8-photos.leclercdrive.fr/image.ashx?id=2792396&use=l&cat=p&typeid=i","cat":333682},{"id":159220,"n":"Dos de Cabillaud Findus MSC - x4 - 440g","p":11.39,"u":"25,89 €/KG","img":"https://fd8-photos.leclercdrive.fr/image.ashx?id=2735347&use=l&cat=p&typeid=i","cat":319786},{"id":159317,"n":"Pastis de Marseille Duval 45d - 2L","p":35.44,"u":"17,72 €/L","img":"https://fd8-photos.leclercdrive.fr/image.ashx?id=2873372&use=l&cat=p&typeid=i","cat":284548},{"id":159343,"n":"Whisky Aerstone Land Cask 40d - 70cl","p":23.8,"u":"34,00 €/L","img":"https://fd8-photos.leclercdrive.fr/image.ashx?id=2834728&use=l&cat=p&typeid=i","cat":284547},{"id":159352,"n":"Concentré à diluer Pulco Citron Fraise - 70cl","p":3.65,"u":"5,21 €/L","img":"https://fd8-photos.leclercdrive.fr/image.ashx?id=2687782&use=l&cat=p&typeid=i","cat":295020},{"id":159355,"n":"Whisky aerstone Sea Cask 40° - 70cl","p":21.52,"u":"30,74 €/L","img":"https://fd8-photos.leclercdrive.fr/image.ashx?id=2834725&use=l&cat=p&typeid=i","cat":284547},{"id":159359,"n":"Pommes Dauphine Findus 200g","p":1.75,"u":"8,75 €/KG","img":"https://fd8-photos.leclercdrive.fr/image.ashx?id=2985345&use=l&cat=p&typeid=i","cat":319792},{"id":159364,"n":"Houmous Tables du Monde 175g","p":2.25,"u":"12,86 €/KG","img":"https://fd8-photos.leclercdrive.fr/image.ashx?id=2860079&use=l&cat=p&typeid=i","cat":315999},{"id":159378,"n":"Whisky Nikka Days 40% - 70cl","p":32.71,"u":"46,73 €/L","img":"https://fd8-photos.leclercdrive.fr/image.ashx?id=2735710&use=l&cat=p&typeid=i","cat":284547},{"id":159409,"n":"Amande éffilée grillée Vahiné 100g","p":3.74,"u":"37,40 €/KG","img":"https://fd8-photos.leclercdrive.fr/image.ashx?id=2387597&use=l&cat=p&typeid=i","cat":284357},{"id":159416,"n":"Thym Ducros Grand flacon - 85g","p":1.59,"u":"18,71 €/KG","img":"https://fd8-photos.leclercdrive.fr/image.ashx?id=2486557&use=l&cat=p&typeid=i","cat":298297},{"id":159423,"n":"Préparation Flan Entremets alsa Pistache - 192g","p":1.29,"u":"7,17 €/KG","img":"https://fd8-photos.leclercdrive.fr/image.ashx?id=2939181&use=l&cat=p&typeid=i","cat":284504},{"id":159436,"n":"Tournedos magret du Périgord Nos Régions ont du Talent 280g","p":7.99,"u":"28,54 €/KG","img":"https://fd8-photos.leclercdrive.fr/image.ashx?id=2880639&use=l&cat=p&typeid=i","cat":284339},{"id":159448,"n":"Boisson aux fruits Jafun Pomme Cassis Framboise - 2L","p":1.49,"u":"0,75 €/L","img":"https://fd8-photos.leclercdrive.fr/image.ashx?id=2956924&use=l&cat=p&typeid=i","cat":295018},{"id":159505,"n":"Saké Miyako Nihonshu 72cl","p":16.65,"u":"23,13 €/L","img":"https://fd8-photos.leclercdrive.fr/image.ashx?id=2148675&use=l&cat=p&typeid=i","cat":284913},{"id":159506,"n":"Ravioli bolognaise Turini 300g","p":1.99,"u":"6,63 €/KG","img":"https://fd8-photos.leclercdrive.fr/image.ashx?id=2140151&use=l&cat=p&typeid=i","cat":333682},{"id":159519,"n":"Pates fusili Côté Snack Raclette - 300g","p":1.99,"u":"6,63 €/KG","img":"https://fd8-photos.leclercdrive.fr/image.ashx?id=2613291&use=l&cat=p&typeid=i","cat":334983},{"id":159548,"n":"Veau haché BioYooji 6 mois - 80g","p":4.95,"u":"61,88 €/KG","img":"https://fd8-photos.leclercdrive.fr/image.ashx?id=2832260&use=l&cat=p&typeid=i","cat":290631},{"id":159627,"n":"Fromage Fol Epi  Originale 8 Tranches - 150g","p":1.91,"u":"12,73 €/KG","img":"https://fd8-photos.leclercdrive.fr/image.ashx?id=2456801&use=l&cat=p&typeid=i","cat":314028},{"id":159674,"n":"Purée Bio Carottes et Butternut Petits pots - 2x190g","p":2.98,"u":"7,84 €/KG","img":"https://fd8-photos.leclercdrive.fr/image.ashx?id=2640040&use=l&cat=p&typeid=i","cat":312235},{"id":159695,"n":"Poudre chocolatée Nesquik Poche recharge  - 430g","p":3.94,"u":"9,16 €/KG","img":"https://fd8-photos.leclercdrive.fr/image.ashx?id=2675601&use=l&cat=p&typeid=i","cat":293235},{"id":159708,"n":"Piles alcalines Duracell Plus 4,5V 3LR12 - x1","p":6.15,"img":"https://fd8-photos.leclercdrive.fr/image.ashx?id=2749850&use=l&cat=p&typeid=i","cat":300572},{"id":159717,"n":"Ecrasé Good Goût Colin Alaska et légumes-2x190g","p":3.29,"u":"8,66 €/KG","img":"https://fd8-photos.leclercdrive.fr/image.ashx?id=2955465&use=l&cat=p&typeid=i","cat":312236},{"id":159718,"n":"Carotte Patate douce Lentilles Bio Façon Dahl - 2x190g","p":3.13,"u":"8,24 €/KG","img":"https://fd8-photos.leclercdrive.fr/image.ashx?id=2736109&use=l&cat=p&typeid=i","cat":312235},{"id":159720,"n":"Concentré coco bio  So Bio Etic Visage et corps - 125ml","p":7.78,"u":"62,24 €/L","img":"https://fd8-photos.leclercdrive.fr/image.ashx?id=2144803&use=l&cat=p&typeid=i","cat":325350},{"id":159731,"n":"Pomme Gala Bio Good Goût Gourde - 4x85g","p":4.15,"u":"12,21 €/KG","img":"https://fd8-photos.leclercdrive.fr/image.ashx?id=2736118&use=l&cat=p&typeid=i","cat":312387},{"id":159732,"n":"Poire Williams Bio Good Goût Gourde - 4x85g","p":4.49,"u":"13,21 €/KG","img":"https://fd8-photos.leclercdrive.fr/image.ashx?id=2736121&use=l&cat=p&typeid=i","cat":312387},{"id":159733,"n":"Banane Bio Good Goût Gourde - 4x85g","p":4.06,"u":"11,94 €/KG","img":"https://fd8-photos.leclercdrive.fr/image.ashx?id=2736115&use=l&cat=p&typeid=i","cat":312387},{"id":159735,"n":"Pomme Framboise Bio Good Goût - Gourde - 120g","p":1.46,"u":"12,17 €/KG","img":"https://fd8-photos.leclercdrive.fr/image.ashx?id=2736103&use=l&cat=p&typeid=i","cat":312387},{"id":159737,"n":"Biscuits Bio - Good Goût  10 mois  - 80g","p":3.85,"u":"48,13 €/KG","img":"https://fd8-photos.leclercdrive.fr/image.ashx?id=2697219&use=l&cat=p&typeid=i","cat":312227},{"id":159764,"n":"Champagne cuvée Montaudon Brut - 75cl","p":23.95,"u":"31,93 €/L","img":"https://fd8-photos.leclercdrive.fr/image.ashx?id=2474398&use=l&cat=p&typeid=i","cat":284542},{"id":159774,"n":"Coffre Commissariat De Police Playmobil City Action-Dès 3 ans","p":20.81,"img":"https://fd8-photos.leclercdrive.fr/image.ashx?id=2142989&use=l&cat=p&typeid=i","cat":334380},{"id":159792,"n":"Ampoule LED Standard Osram E27 7W=60 verre dépoli - x2","p":10.9,"u":"Dont 0,58 € d'éco-part.","img":"https://fd8-photos.leclercdrive.fr/image.ashx?id=2655502&use=l&cat=p&typeid=i","cat":300573},{"id":159800,"n":"Surligneurs Stabilo Boss x23","p":21.38,"u":"0,93 €/P","img":"https://fd8-photos.leclercdrive.fr/image.ashx?id=2553749&use=l&cat=p&typeid=i","cat":284696},{"id":159844,"n":"Ampoule Led Standard Osram E27 7W=60 verre dépoli - x2","p":10.9,"u":"Dont 0,58 € d'éco-part.","img":"https://fd8-photos.leclercdrive.fr/image.ashx?id=2655505&use=l&cat=p&typeid=i","cat":300573},{"id":159875,"n":"Bières Florida Sunrise - Desperados - 3x33cL","p":5.36,"u":"16,24 €/L","img":"https://fd8-photos.leclercdrive.fr/image.ashx?id=2977972&use=l&cat=p&typeid=i","cat":334878},{"id":159897,"n":"Fromage Enfant Kiri Crème 12 portions à tartiner - 216g","p":3.07,"u":"14,21 €/KG","img":"https://fd8-photos.leclercdrive.fr/image.ashx?id=2973565&use=l&cat=p&typeid=i","cat":314030},{"id":159903,"n":"Boisson aux fruits Jafun Tropical - 2L","p":1.75,"u":"0,88 €/L","img":"https://fd8-photos.leclercdrive.fr/image.ashx?id=2897835&use=l&cat=p&typeid=i","cat":295018},{"id":159938,"n":"Desserts Lactés P'TIT BRASSE   Fraise BIO 6M+ - 4x90g","p":1.61,"u":"17,89 €/KG","img":"https://fd8-photos.leclercdrive.fr/image.ashx?id=2510202&use=l&cat=p&typeid=i","cat":312392},{"id":159950,"n":"Desserts Lactés P'TIT GOURMAND  BIO Cacao  6M+ - 4x90g","p":1.59,"u":"17,67 €/KG","img":"https://fd8-photos.leclercdrive.fr/image.ashx?id=2481691&use=l&cat=p&typeid=i","cat":312392},{"id":159951,"n":"Huile tronçonneuse Beaux Jours 5L","p":16.49,"u":"3,30 €/L","img":"https://fd8-photos.leclercdrive.fr/image.ashx?id=2297804&use=l&cat=p&typeid=i","cat":298253},{"id":159965,"n":"Capsules Starbucks by Nespresso  Colombia Int 7 - x18","p":6.05,"u":"59,90 €/KG","img":"https://fd8-photos.leclercdrive.fr/image.ashx?id=2668174&use=l&cat=p&typeid=i","cat":284749},{"id":159975,"n":"Huile tronçonneuse Eco + 5L","p":14.88,"u":"2,98 €/L","img":"https://fd8-photos.leclercdrive.fr/image.ashx?id=2235872&use=l&cat=p&typeid=i","cat":298253},{"id":159985,"n":"Huile moteur Tech 9 10W40 Essence - 5L","p":18.4,"u":"3,68 €/L","img":"https://fd8-photos.leclercdrive.fr/image.ashx?id=2148770&use=l&cat=p&typeid=i","cat":298253},{"id":159992,"n":"Huile moteur Tech 9 5W30 C2 - 5L","p":28.99,"u":"5,80 €/L","img":"https://fd8-photos.leclercdrive.fr/image.ashx?id=2148773&use=l&cat=p&typeid=i","cat":298253},{"id":160078,"n":"Mozzarella bufala Casa Azzurra Billes AOP - 120g","p":2.56,"u":"21,33 €/KG","img":"https://fd8-photos.leclercdrive.fr/image.ashx?id=2154518&use=l&cat=p&typeid=i","cat":314026},{"id":160101,"n":"Yaourt brassé Perle de Lait Panaché - 8x125g","p":3.68,"u":"3,68 €/KG","img":"https://fd8-photos.leclercdrive.fr/image.ashx?id=2989222&use=l&cat=p&typeid=i","cat":286006},{"id":160106,"n":"Jus innocent  tutti frutti 1.5L","p":4.05,"u":"2,70 €/L","img":"https://fd8-photos.leclercdrive.fr/image.ashx?id=2907449&use=l&cat=p&typeid=i","cat":284354},{"id":160134,"n":"Tartare Végétal Lait d'Amande  Ail et Fines Herbes - 140g","p":2.29,"u":"16,36 €/KG","img":"https://fd8-photos.leclercdrive.fr/image.ashx?id=2928618&use=l&cat=p&typeid=i","cat":316070},{"id":160147,"n":"Yaourt gourmand Mamie Nova Citron lemon curd - 2x150g","p":1.49,"u":"4,97 €/KG","img":"https://fd8-photos.leclercdrive.fr/image.ashx?id=2144638&use=l&cat=p&typeid=i","cat":284410},{"id":160164,"n":"AOP Pomerol rouge Château Beau Soleil - 75cl","p":19.8,"u":"26,40 €/L","img":"https://fd8-photos.leclercdrive.fr/image.ashx?id=2144887&use=l&cat=p&typeid=i","cat":289556},{"id":160177,"n":"Madeleines Saint Michel Pépites chocolat - 700g","p":3.6,"u":"5,14 €/KG","img":"https://fd8-photos.leclercdrive.fr/image.ashx?id=2338141&use=l&cat=p&typeid=i","cat":284492},{"id":160189,"n":"Desserts panaches Andros 16x100g","p":5.35,"u":"3,34 €/KG","img":"https://fd8-photos.leclercdrive.fr/image.ashx?id=2883988&use=l&cat=p&typeid=i","cat":284416},{"id":160257,"n":"Compotes Pom'Potes Gourdes  Recette Tropiques - 12x90g","p":6.15,"u":"5,69 €/KG","img":"https://fd8-photos.leclercdrive.fr/image.ashx?id=3012194&use=l&cat=p&typeid=i","cat":284508},{"id":160368,"n":"Epinards Les Crudettes Cœur de Géant - 350g","p":2.86,"u":"8,17 €/KG","img":"https://fd8-photos.leclercdrive.fr/image.ashx?id=2148633&use=l&cat=p&typeid=i","cat":284353},{"id":160394,"n":"Yaourt à boire Actimel Nature - 6x100g","p":2.34,"u":"3,90 €/KG","img":"https://fd8-photos.leclercdrive.fr/image.ashx?id=2992723&use=l&cat=p&typeid=i","cat":284415},{"id":160403,"n":"Filet de poulet Maitre Coq 1kg","p":11.07,"u":"11,07 €/KG","img":"https://fd8-photos.leclercdrive.fr/image.ashx?id=2551135&use=l&cat=p&typeid=i","cat":284336},{"id":160404,"n":"Haut de cuisse Maitre Coq Poulet jaune - 1kg","p":6.35,"u":"6,35 €/KG","img":"https://fd8-photos.leclercdrive.fr/image.ashx?id=2551141&use=l&cat=p&typeid=i","cat":284336},{"id":160428,"n":"Lessive liquide fraicheur Epsil 40 lavages - 2L","p":4.6,"u":"2,30 €/L","img":"https://fd8-photos.leclercdrive.fr/image.ashx?id=2602982&use=l&cat=p&typeid=i","cat":284640},{"id":160429,"n":"Lessive liquide printemps Epsil 40 Lavages - 2L","p":4.6,"u":"2,30 €/L","img":"https://fd8-photos.leclercdrive.fr/image.ashx?id=2958347&use=l&cat=p&typeid=i","cat":284640},{"id":160430,"n":"Lessive liquide sensitive Epsil 40 lavages - 2L","p":5.99,"u":"3,00 €/L","img":"https://fd8-photos.leclercdrive.fr/image.ashx?id=2838951&use=l&cat=p&typeid=i","cat":284640},{"id":160726,"n":"Cerise bigarreau St Mamet 240g","p":1.74,"u":"7,25 €/KG","img":"https://fd8-photos.leclercdrive.fr/image.ashx?id=2628425&use=l&cat=p&typeid=i","cat":284507},{"id":160756,"n":"Papier Toilette Humide - Aloe Vera Lotus - x80","p":3.85,"u":"0,05 €/P","img":"https://fd8-photos.leclercdrive.fr/image.ashx?id=2842927&use=l&cat=p&typeid=i","cat":284634},{"id":160992,"n":"Sandwich ciabatta Daunat Bacon Emmental - 200g","p":3.5,"u":"17,50 €/KG","img":"https://fd8-photos.leclercdrive.fr/image.ashx?id=2194993&use=l&cat=p&typeid=i","cat":333658},{"id":161003,"n":"Mayonnaise Bénédicta Nature - 510g","p":2.75,"u":"5,39 €/KG","img":"https://fd8-photos.leclercdrive.fr/image.ashx?id=2548225&use=l&cat=p&typeid=i","cat":298295},{"id":161006,"n":"Mayonnaise Bénédicta Nature - 585g","p":3.93,"u":"6,72 €/KG","img":"https://fd8-photos.leclercdrive.fr/image.ashx?id=2889664&use=l&cat=p&typeid=i","cat":298295},{"id":161007,"n":"Mayonnaise Bénédicta Nature - 400g","p":2.85,"u":"7,13 €/KG","img":"https://fd8-photos.leclercdrive.fr/image.ashx?id=2548237&use=l&cat=p&typeid=i","cat":298295},{"id":161043,"n":"Citrons verts bio Bio Village Barquette x3","p":2.89,"u":"0,96 €/P","img":"https://fd8-photos.leclercdrive.fr/image.ashx?id=2552017&use=l&cat=p&typeid=i","cat":284356},{"id":161067,"n":"Nappe gaufrée Homeside Jaune - 25m","p":9.9,"u":"0,40 €/MT","img":"https://fd8-photos.leclercdrive.fr/image.ashx?id=2152720&use=l&cat=p&typeid=i","cat":334134},{"id":161069,"n":"Nappe gaufrée Homeside Vert olive - 25m","p":8.9,"u":"0,36 €/MT","img":"https://fd8-photos.leclercdrive.fr/image.ashx?id=2947280&use=l&cat=p&typeid=i","cat":334134},{"id":161070,"n":"Nappe gaufrée Homeside Turquoise - 25m","p":9.9,"u":"0,40 €/MT","img":"https://fd8-photos.leclercdrive.fr/image.ashx?id=2152705&use=l&cat=p&typeid=i","cat":334134},{"id":161082,"n":"Café capsules DOLCE GUSTO Starbucks vanilla macchiato 2x6","p":4.39,"u":"33,26 €/KG","img":"https://fd8-photos.leclercdrive.fr/image.ashx?id=2986912&use=l&cat=p&typeid=i","cat":293239},{"id":161091,"n":"Nettoyant Ménager La Croix  Désinfectant sans Javel - 1L","p":2.69,"u":"2,69 €/L","img":"https://fd8-photos.leclercdrive.fr/image.ashx?id=2666429&use=l&cat=p&typeid=i","cat":284907},{"id":161093,"n":"Nettoyant ménager La Croix  spray cuisine sans javel- 500ml","p":2.35,"u":"4,70 €/L","img":"https://fd8-photos.leclercdrive.fr/image.ashx?id=2676918&use=l&cat=p&typeid=i","cat":325357},{"id":161098,"n":"Shampooing solide Bionaîa Cheveux normaux bio - 85g","p":2.99,"u":"35,18 €/KG","img":"https://fd8-photos.leclercdrive.fr/image.ashx?id=2835214&use=l&cat=p&typeid=i","cat":284606},{"id":161100,"n":"Golden Muesli Quaker Noix de Pécan - 500g","p":4.39,"u":"8,78 €/KG","img":"https://fd8-photos.leclercdrive.fr/image.ashx?id=2194963&use=l&cat=p&typeid=i","cat":309512},{"id":161117,"n":"Pizza 5 fromaggi Italpizza 520g","p":5.57,"u":"10,71 €/KG","img":"https://fd8-photos.leclercdrive.fr/image.ashx?id=2540877&use=l&cat=p&typeid=i","cat":284256},{"id":161121,"n":"Boisson aromatisée Vin rosé Pamplemousse 7.5% vol - BIB 3L","p":9.95,"u":"3,32 €/L","img":"https://fd8-photos.leclercdrive.fr/image.ashx?id=2958528&use=l&cat=p&typeid=i","cat":304569},{"id":161123,"n":"Boisson aux fruits Jafun Fraise Framboise - 2L","p":2.12,"u":"1,06 €/L","img":"https://fd8-photos.leclercdrive.fr/image.ashx?id=2865287&use=l&cat=p&typeid=i","cat":295018},{"id":161126,"n":"Boisson aux fruits Jafun Multifruits - 2L","p":1.99,"u":"1,00 €/L","img":"https://fd8-photos.leclercdrive.fr/image.ashx?id=2897832&use=l&cat=p&typeid=i","cat":295018},{"id":161130,"n":"Boissons à base de fruit Jafun Pêche Abricot - 2L","p":1.99,"u":"1,00 €/L","img":"https://fd8-photos.leclercdrive.fr/image.ashx?id=2865293&use=l&cat=p&typeid=i","cat":295018},{"id":161131,"n":"Boisson à base de fruits Jafun Pomme Kiwi - 2L","p":2.6,"u":"1,30 €/L","img":"https://fd8-photos.leclercdrive.fr/image.ashx?id=2865299&use=l&cat=p&typeid=i","cat":295018},{"id":161144,"n":"Boisson à base de fruits Jafun Pomme poire - 2L","p":2.23,"u":"1,12 €/L","img":"https://fd8-photos.leclercdrive.fr/image.ashx?id=2865302&use=l&cat=p&typeid=i","cat":295018},{"id":161167,"n":"Beef-Stick Vitakraft Gibier - 48g","p":2.15,"u":"44,79 €/KG","img":"https://fd8-photos.leclercdrive.fr/image.ashx?id=2859755&use=l&cat=p&typeid=i","cat":294527},{"id":161168,"n":"Beef-Stick Vitakraft Dinde - 48g","p":1.92,"u":"40,00 €/KG","img":"https://fd8-photos.leclercdrive.fr/image.ashx?id=2184323&use=l&cat=p&typeid=i","cat":294527},{"id":161270,"n":"AOP Lalande De Pomerol Château La Fleur De Boüard 75cl","p":22.88,"u":"30,51 €/L","img":"https://fd8-photos.leclercdrive.fr/image.ashx?id=2218323&use=l&cat=p&typeid=i","cat":289556},{"id":161402,"n":"Tranches de Cheddar Appetisi 130g","p":1.79,"u":"13,77 €/KG","img":"https://fd8-photos.leclercdrive.fr/image.ashx?id=2159337&use=l&cat=p&typeid=i","cat":314028},{"id":161411,"n":"Pains Viennois La fournée dorée x4 - 349g","p":2.18,"u":"6,25 €/KG","img":"https://fd8-photos.leclercdrive.fr/image.ashx?id=2159700&use=l&cat=p&typeid=i","cat":325069},{"id":161413,"n":"Confiture fraises Léonce Blanc 70% de fruits - 320g","p":1.98,"u":"6,19 €/KG","img":"https://fd8-photos.leclercdrive.fr/image.ashx?id=2181164&use=l&cat=p&typeid=i","cat":284480},{"id":161415,"n":"Confiture aux abricots Léonce Blanc 70% de fruits-320g","p":2.17,"u":"6,78 €/KG","img":"https://fd8-photos.leclercdrive.fr/image.ashx?id=2181161&use=l&cat=p&typeid=i","cat":284480},{"id":161433,"n":"Dragibus Doypack Haribo Sachet bonbons - 220g","p":1.26,"u":"5,73 €/KG","img":"https://fd8-photos.leclercdrive.fr/image.ashx?id=2984940&use=l&cat=p&typeid=i","cat":304250},{"id":161437,"n":"Happy Cola Pik Haribo Sachet bonbons acidulés - 200g","p":2.32,"u":"11,60 €/KG","img":"https://fd8-photos.leclercdrive.fr/image.ashx?id=2984928&use=l&cat=p&typeid=i","cat":304250},{"id":161486,"n":"Pickles de champignons 290g","p":7.73,"u":"26,66 €/KG","img":"https://fd8-photos.leclercdrive.fr/image.ashx?id=2552538&use=l&cat=p&typeid=i","cat":312610},{"id":161526,"n":"Saucisse Knacki Herta 100% poulet x4 - 140g","p":1.66,"u":"11,86 €/KG","img":"https://fd8-photos.leclercdrive.fr/image.ashx?id=2290425&use=l&cat=p&typeid=i","cat":316012},{"id":161579,"n":"AOC Muscadet Sèvre et Maine sur Lie Bio Les Caractères - 75cl","p":5.79,"u":"7,72 €/L","img":"https://fd8-photos.leclercdrive.fr/image.ashx?id=2417679&use=l&cat=p&typeid=i","cat":289557},{"id":161708,"n":"Infusion Twinings Ayurveda Fraise Myrtille Grenade x20","p":2.38,"u":"74,38 €/KG","img":"https://fd8-photos.leclercdrive.fr/image.ashx?id=2893054&use=l&cat=p&typeid=i","cat":293234},{"id":161709,"n":"Déodorant bille Men Expert Thermic Resist - 50ml","p":2.57,"u":"51,40 €/L","img":"https://fd8-photos.leclercdrive.fr/image.ashx?id=2300518&use=l&cat=p&typeid=i","cat":284618},{"id":161846,"n":"Sucre roux Tablier blanc En morceaux - 1kg","p":1.81,"u":"1,81 €/KG","img":"https://fd8-photos.leclercdrive.fr/image.ashx?id=3010437&use=l&cat=p&typeid=i","cat":284502},{"id":161867,"n":"Pineau des Charentes rosé Jules Gautret 17%vol. - 75cl","p":9.67,"u":"12,89 €/L","img":"https://fd8-photos.leclercdrive.fr/image.ashx?id=2503740&use=l&cat=p&typeid=i","cat":284913},{"id":161914,"n":"Boisson aux fruits Jafun Tropical light - 2L","p":1.39,"u":"0,70 €/L","img":"https://fd8-photos.leclercdrive.fr/image.ashx?id=2720184&use=l&cat=p&typeid=i","cat":295018},{"id":161915,"n":"Boisson tropical brick Jafun 6x20cl","p":2.19,"u":"1,83 €/L","img":"https://fd8-photos.leclercdrive.fr/image.ashx?id=2529617&use=l&cat=p&typeid=i","cat":295018},{"id":162161,"n":"Compotes Pom'Potes Gourdes  5 Fruits Rouges&Jaunes -12x90g","p":5.39,"u":"4,99 €/KG","img":"https://fd8-photos.leclercdrive.fr/image.ashx?id=3010945&use=l&cat=p&typeid=i","cat":284508},{"id":162162,"n":"Compotes Pom'Potes Gourdes  5 Fruits Jaunes&Exotiq - 20x90g","p":8.79,"u":"4,88 €/KG","img":"https://fd8-photos.leclercdrive.fr/image.ashx?id=2883411&use=l&cat=p&typeid=i","cat":284508},{"id":162163,"n":"Compotes Pom'Potes Gourdes  Pomme, Pomme Fraise - 12x90g","p":6.24,"u":"5,78 €/KG","img":"https://fd8-photos.leclercdrive.fr/image.ashx?id=3007927&use=l&cat=p&typeid=i","cat":284508},{"id":162164,"n":"Compotes Pom'Potes Gourdes 5 Fruits Exotiques&Vert -12x90g","p":5.81,"u":"5,38 €/KG","img":"https://fd8-photos.leclercdrive.fr/image.ashx?id=3010948&use=l&cat=p&typeid=i","cat":284508},{"id":162165,"n":"Compotes Materne Coupelles   MultiFruits Exotique - 12x100g","p":3.9,"u":"3,25 €/KG","img":"https://fd8-photos.leclercdrive.fr/image.ashx?id=3010873&use=l&cat=p&typeid=i","cat":284508},{"id":162175,"n":"Pancakes chocolat Whaou! x7 - 259g","p":2.79,"u":"10,77 €/KG","img":"https://fd8-photos.leclercdrive.fr/image.ashx?id=2740652&use=l&cat=p&typeid=i","cat":284495},{"id":162187,"n":"Skyr Bio Les 2 vaches Nature 0%MG - 480g","p":3.77,"u":"7,85 €/KG","img":"https://fd8-photos.leclercdrive.fr/image.ashx?id=2787293&use=l&cat=p&typeid=i","cat":315000},{"id":162271,"n":"Tablette de chocolat noir Lindt Intense 70% - 2x200g","p":6.46,"pp":4.26,"u":"10,65 €/KG","img":"https://fd8-photos.leclercdrive.fr/image.ashx?id=2208936&use=l&cat=p&typeid=i","cat":285562},{"id":162274,"n":"Sauce Crudités Benedicta  Nature légère - 295g","p":1.45,"u":"4,92 €/KG","img":"https://fd8-photos.leclercdrive.fr/image.ashx?id=2755206&use=l&cat=p&typeid=i","cat":284456},{"id":162275,"n":"Sauce Pita Heinz - 230g","p":1.67,"u":"7,26 €/KG","img":"https://fd8-photos.leclercdrive.fr/image.ashx?id=2973165&use=l&cat=p&typeid=i","cat":318431},{"id":162349,"n":"Beignets de crevette L'Atelier Traiteur x6 - 140g","p":3.39,"u":"24,21 €/KG","img":"https://fd8-photos.leclercdrive.fr/image.ashx?id=2917323&use=l&cat=p&typeid=i","cat":333673},{"id":162358,"n":"Saucisson Mini Justin Bridou Bâton de Berger Noisette - 80g","p":1.88,"u":"23,50 €/KG","img":"https://fd8-photos.leclercdrive.fr/image.ashx?id=2165251&use=l&cat=p&typeid=i","cat":316006},{"id":162359,"n":"Saucisson Mini Justin Bridou  Bâton de Berger Epicé - 80g","p":3.18,"u":"39,75 €/KG","img":"https://fd8-photos.leclercdrive.fr/image.ashx?id=2522185&use=l&cat=p&typeid=i","cat":316006},{"id":162495,"n":"Changes Pampers Hybrid Normal - x25 inserts","p":10.34,"u":"0,41 €/P","img":"https://fd8-photos.leclercdrive.fr/image.ashx?id=2474908&use=l&cat=p&typeid=i","cat":284737},{"id":162497,"n":"Changes Pampers Hybrid Starter Kit - x1 couche + 15 inserts","p":24.15,"u":"1,21 €/P","img":"https://fd8-photos.leclercdrive.fr/image.ashx?id=2355995&use=l&cat=p&typeid=i","cat":284737},{"id":162570,"n":"Sauce apéritif Doritos Goût salsa épicée -280g","p":2.69,"u":"9,61 €/KG","img":"https://fd8-photos.leclercdrive.fr/image.ashx?id=3014473&use=l&cat=p&typeid=i","cat":284451},{"id":162571,"n":"Sauce apéritif Doritos Goût fromage -280g","p":2.65,"u":"9,46 €/KG","img":"https://fd8-photos.leclercdrive.fr/image.ashx?id=2170208&use=l&cat=p&typeid=i","cat":284451},{"id":162572,"n":"Sauce apéritif Doritos Goût sour cream -280g","p":2.69,"u":"9,61 €/KG","img":"https://fd8-photos.leclercdrive.fr/image.ashx?id=2167528&use=l&cat=p&typeid=i","cat":284451},{"id":162575,"n":"Maquereaux Petit Navire Vin blanc citron&romarin - 175g","p":2.05,"u":"12,13 €/KG","img":"https://fd8-photos.leclercdrive.fr/image.ashx?id=2523906&use=l&cat=p&typeid=i","cat":303868},{"id":162596,"n":"Boisson aux fruits Jafun Orange - 2L","p":1.49,"u":"0,75 €/L","img":"https://fd8-photos.leclercdrive.fr/image.ashx?id=2897829&use=l&cat=p&typeid=i","cat":295018},{"id":162605,"n":"Piles Varta Longlife Power AA/LR06 - x20","p":11.11,"u":"0,56 €/P","img":"https://fd8-photos.leclercdrive.fr/image.ashx?id=2804571&use=l&cat=p&typeid=i","cat":300572},{"id":162606,"n":"Pile Varta Longlife power AAA LR03 - x20","p":15.53,"u":"0,78 €/P","img":"https://fd8-photos.leclercdrive.fr/image.ashx?id=2186398&use=l&cat=p&typeid=i","cat":300572},{"id":162639,"n":"Sucre vanillé Madagascar Vahiné et levure chimique x10 - 93g","p":1.98,"u":"21,29 €/KG","img":"https://fd8-photos.leclercdrive.fr/image.ashx?id=2529288&use=l&cat=p&typeid=i","cat":284504},{"id":162716,"n":"Gel douche Cosmosorg UshuaÏa Coco Bio - 2x 250ml","p":6.68,"u":"13,36 €/L","img":"https://fd8-photos.leclercdrive.fr/image.ashx?id=2286666&use=l&cat=p&typeid=i","cat":284594},{"id":162757,"n":"Lames Wilkinson Hydro 5 Regulier - 2x4","p":28.27,"u":"3,53 €/P","img":"https://fd8-photos.leclercdrive.fr/image.ashx?id=2192913&use=l&cat=p&typeid=i","cat":284616},{"id":162758,"n":"Rasoir Wilkinson Hydro 3 Comfort - 1 pièce","p":11.97,"img":"https://fd8-photos.leclercdrive.fr/image.ashx?id=2192916&use=l&cat=p&typeid=i","cat":284616},{"id":162759,"n":"Lames Wilkinson Hydro 5 Sensitive - 2x4","p":29.89,"u":"3,74 €/P","img":"https://fd8-photos.leclercdrive.fr/image.ashx?id=2192919&use=l&cat=p&typeid=i","cat":284616},{"id":162769,"n":"Les Naturelles Eugène Color Blond très clair N°100 - x2","p":8.29,"u":"4,15 €/P","img":"https://fd8-photos.leclercdrive.fr/image.ashx?id=2169598&use=l&cat=p&typeid=i","cat":288899},{"id":162781,"n":"Classeur carte Les Minions Kung Fu - A4 - 4 anneaux","p":5.47,"img":"https://fd8-photos.leclercdrive.fr/image.ashx?id=2169760&use=l&cat=p&typeid=i","cat":284745},{"id":162784,"n":"Filet de thon Pêche Océan Huile d'olive MSC - 185g","p":5.5,"u":"29,73 €/KG","img":"https://fd8-photos.leclercdrive.fr/image.ashx?id=2523374&use=l&cat=p&typeid=i","cat":303867},{"id":162823,"n":"Bière blonde La Bête 8° - 6x25cl","p":8.65,"u":"5,77 €/L","img":"https://fd8-photos.leclercdrive.fr/image.ashx?id=3011245&use=l&cat=p&typeid=i","cat":334872},{"id":162844,"n":"Genepi père Chartreux 70cl","p":31.14,"u":"44,49 €/L","img":"https://fd8-photos.leclercdrive.fr/image.ashx?id=2313696&use=l&cat=p&typeid=i","cat":286032},{"id":163115,"n":"Piles alcalines Duracell MX1500 Optimum Type AA/LR06 1,5V - x4","p":7.7,"u":"1,93 €/P","img":"https://fd8-photos.leclercdrive.fr/image.ashx?id=2941823&use=l&cat=p&typeid=i","cat":300572},{"id":163127,"n":"Thon entier nature MSC Saupiquet - 2x140g","p":4.49,"u":"16,04 €/KG","img":"https://fd8-photos.leclercdrive.fr/image.ashx?id=2860871&use=l&cat=p&typeid=i","cat":303867},{"id":163129,"n":"Petits pains grillés Krisprolls Complet - 425g","p":3.05,"u":"7,18 €/KG","img":"https://fd8-photos.leclercdrive.fr/image.ashx?id=2793716&use=l&cat=p&typeid=i","cat":284479},{"id":163130,"n":"Petits pains grillés Krisprolls Complet sans sucre ajoutés 425g","p":3.39,"u":"7,98 €/KG","img":"https://fd8-photos.leclercdrive.fr/image.ashx?id=2985558&use=l&cat=p&typeid=i","cat":284479},{"id":163132,"n":"Boisson orange Jafun Brique - 6x20cl","p":2.5,"u":"2,08 €/L","img":"https://fd8-photos.leclercdrive.fr/image.ashx?id=2992582&use=l&cat=p&typeid=i","cat":284524},{"id":163133,"n":"Bière ambrée Kwak 8.4% - 75cl","p":4.6,"u":"6,13 €/L","img":"https://fd8-photos.leclercdrive.fr/image.ashx?id=2948423&use=l&cat=p&typeid=i","cat":334872},{"id":163143,"n":"Dragibus Soft Haribo Sachet bonbons - 300g","p":1.65,"u":"5,50 €/KG","img":"https://fd8-photos.leclercdrive.fr/image.ashx?id=2806123&use=l&cat=p&typeid=i","cat":304250},{"id":163144,"n":"Piles alcalines Duracell MN2400 Optimum AAA/LR03 1,5V - x4","p":3.11,"u":"0,78 €/P","img":"https://fd8-photos.leclercdrive.fr/image.ashx?id=2929095&use=l&cat=p&typeid=i","cat":300572},{"id":163145,"n":"Dragibus Original Haribo Multipack bonbons - 250g","p":2.07,"u":"8,28 €/KG","img":"https://fd8-photos.leclercdrive.fr/image.ashx?id=2984943&use=l&cat=p&typeid=i","cat":304250},{"id":163146,"n":"Piles alcalines Duracell MX1500 Optimum AA/LR06 1,5V - x6","p":10.56,"u":"1,76 €/P","img":"https://fd8-photos.leclercdrive.fr/image.ashx?id=2855367&use=l&cat=p&typeid=i","cat":300572},{"id":163147,"n":"Bonbons Haribo Dragolo - 750g","p":4.0,"u":"5,33 €/KG","img":"https://fd8-photos.leclercdrive.fr/image.ashx?id=2803586&use=l&cat=p&typeid=i","cat":304250},{"id":163149,"n":"Piles alcalines Duracell MX1500 Optimum AA/LR06 1,5V - x8","p":14.33,"u":"1,79 €/P","img":"https://fd8-photos.leclercdrive.fr/image.ashx?id=2929098&use=l&cat=p&typeid=i","cat":300572},{"id":163150,"n":"Piles alcalines Duracell MN2400 Optimum AAA/LR03 1,5V - x8","p":13.86,"u":"1,73 €/P","img":"https://fd8-photos.leclercdrive.fr/image.ashx?id=2583452&use=l&cat=p&typeid=i","cat":300572},{"id":163162,"n":"Amandine aux poires La Laitière 4x85g","p":2.69,"u":"7,91 €/KG","img":"https://fd8-photos.leclercdrive.fr/image.ashx?id=2683640&use=l&cat=p&typeid=i","cat":284419},{"id":163317,"n":"Assiettes plates Homeside 23cm blanc sans film PE - x50","p":2.69,"u":"0,05 €/P","img":"https://fd8-photos.leclercdrive.fr/image.ashx?id=2177415&use=l&cat=p&typeid=i","cat":334134},{"id":163319,"n":"Assiettes plates Homeside 23cm rouge sans film PE - x20","p":1.96,"u":"0,10 €/P","img":"https://fd8-photos.leclercdrive.fr/image.ashx?id=2177406&use=l&cat=p&typeid=i","cat":334134},{"id":163323,"n":"Assiettes plates Homeside 23cm turquoise sans film PE-x20","p":1.96,"u":"0,10 €/P","img":"https://fd8-photos.leclercdrive.fr/image.ashx?id=2177409&use=l&cat=p&typeid=i","cat":334134},{"id":163324,"n":"Assiettes plates Homeside 23 cm grise sans film PE - x20","p":1.96,"u":"0,10 €/P","img":"https://fd8-photos.leclercdrive.fr/image.ashx?id=2177391&use=l&cat=p&typeid=i","cat":334134},{"id":163325,"n":"Assiettes plates Homeside Rose clair 23 cm - x20","p":1.96,"u":"0,10 €/P","img":"https://fd8-photos.leclercdrive.fr/image.ashx?id=2928345&use=l&cat=p&typeid=i","cat":334134},{"id":163326,"n":"Assiettes plates Homeside 23 cm noir sans film PE - x20","p":1.96,"u":"0,10 €/P","img":"https://fd8-photos.leclercdrive.fr/image.ashx?id=2177397&use=l&cat=p&typeid=i","cat":334134},{"id":163328,"n":"Aassiettes plates Homeside 23 cm anis sans film PE - x20","p":1.96,"u":"0,10 €/P","img":"https://fd8-photos.leclercdrive.fr/image.ashx?id=2177385&use=l&cat=p&typeid=i","cat":334134},{"id":163329,"n":"Assiettes plates Homeside 23 cm jaune sans film PE - x20","p":1.96,"u":"0,10 €/P","img":"https://fd8-photos.leclercdrive.fr/image.ashx?id=2177394&use=l&cat=p&typeid=i","cat":334134},{"id":163331,"n":"Assiettes plates Homeside Bleue 23cm  sans film PE - x20","p":1.96,"u":"0,10 €/P","img":"https://fd8-photos.leclercdrive.fr/image.ashx?id=2927893&use=l&cat=p&typeid=i","cat":334134},{"id":163333,"n":"Assiettes plates Homeside 23 cm Bleu nuit sans film - x20","p":1.96,"img":"https://fd8-photos.leclercdrive.fr/image.ashx?id=2742321&use=l&cat=p&typeid=i","cat":334134},{"id":163350,"n":"Gobelets 25cl Homeside Chaud/froid - 25","p":1.9,"u":"0,08 €/P","img":"https://fd8-photos.leclercdrive.fr/image.ashx?id=2177355&use=l&cat=p&typeid=i","cat":334134},{"id":163353,"n":"Verres à biere 35cl Homeside x12","p":1.9,"u":"0,16 €/P","img":"https://fd8-photos.leclercdrive.fr/image.ashx?id=2177358&use=l&cat=p&typeid=i","cat":334134},{"id":163370,"n":"Thon entier Petit Navire MSC Nature - 3x112g","p":8.9,"u":"26,49 €/KG","img":"https://fd8-photos.leclercdrive.fr/image.ashx?id=2521921&use=l&cat=p&typeid=i","cat":303867},{"id":163420,"n":"Smarties Mini Bonbons Chocolats 21 boites - 315g","p":5.68,"u":"18,03 €/KG","img":"https://fd8-photos.leclercdrive.fr/image.ashx?id=2740862&use=l&cat=p&typeid=i","cat":304238},{"id":163428,"n":"Crayon à sourcils Maybelline  Duo crayon et poudre","p":10.05,"img":"https://fd8-photos.leclercdrive.fr/image.ashx?id=2377787&use=l&cat=p&typeid=i","cat":287029},{"id":163476,"n":"Petit pot bébé Bledina 6 mois purée Carottes Choux fleurs","p":1.79,"u":"4,48 €/KG","img":"https://fd8-photos.leclercdrive.fr/image.ashx?id=2909509&use=l&cat=p&typeid=i","cat":312235},{"id":163498,"n":"Cheddar seriously strong 200g","p":3.98,"u":"19,90 €/KG","img":"https://fd8-photos.leclercdrive.fr/image.ashx?id=2629530&use=l&cat=p&typeid=i","cat":314028},{"id":163500,"n":"Kilchoman Loch Gruinart  46% - 70cl","p":54.17,"u":"77,39 €/L","img":"https://fd8-photos.leclercdrive.fr/image.ashx?id=2177487&use=l&cat=p&typeid=i","cat":284547},{"id":163503,"n":"Whisky Benriach 10 ans The Smoky 70cL","p":41.33,"u":"59,04 €/L","img":"https://fd8-photos.leclercdrive.fr/image.ashx?id=2361599&use=l&cat=p&typeid=i","cat":284547},{"id":163521,"n":"Petit pot bébé Blédina 4-6 mois Épinards - 2x130g","p":1.16,"u":"4,46 €/KG","img":"https://fd8-photos.leclercdrive.fr/image.ashx?id=2986167&use=l&cat=p&typeid=i","cat":312234},{"id":163525,"n":"Petit pot bébé Blédina 6 mois Haricot carotte veau - 2x200g","p":1.95,"u":"4,88 €/KG","img":"https://fd8-photos.leclercdrive.fr/image.ashx?id=2935756&use=l&cat=p&typeid=i","cat":312236},{"id":163526,"n":"Petit pot bébé bledina 6 mois  Purée légumes agneau - 2x200g","p":1.95,"u":"4,88 €/KG","img":"https://fd8-photos.leclercdrive.fr/image.ashx?id=2976770&use=l&cat=p&typeid=i","cat":312236},{"id":163587,"n":"Pur jus de Raisin\t Pays Lyonnais - 1L","p":4.75,"u":"4,75 €/L","img":"https://fd8-photos.leclercdrive.fr/image.ashx?id=2188188&use=l&cat=p&typeid=i","cat":284915},{"id":163612,"n":"Rasoirs Bic Hybrid 5 Flex Rechargeables - x2","p":5.22,"u":"2,61 €/P","img":"https://fd8-photos.leclercdrive.fr/image.ashx?id=2771744&use=l&cat=p&typeid=i","cat":284616},{"id":163613,"n":"Mozzarella fromage râpé  Les Croisés - 150g","p":1.39,"u":"9,27 €/KG","img":"https://fd8-photos.leclercdrive.fr/image.ashx?id=2178848&use=l&cat=p&typeid=i","cat":314035},{"id":163640,"n":"Poireaux émincés Bio Bio Village - 600g","p":1.99,"u":"3,32 €/KG","img":"https://fd8-photos.leclercdrive.fr/image.ashx?id=2898098&use=l&cat=p&typeid=i","cat":319805},{"id":163643,"n":"Patates douces en morceaux Bio Bio Village - 600g","p":2.08,"u":"3,47 €/KG","img":"https://fd8-photos.leclercdrive.fr/image.ashx?id=2898101&use=l&cat=p&typeid=i","cat":319805},{"id":163706,"n":"Poisson Pané Cabillaud MSC Façon Fish & Chips x4 - 400g","p":7.29,"u":"18,23 €/KG","img":"https://fd8-photos.leclercdrive.fr/image.ashx?id=2985351&use=l&cat=p&typeid=i","cat":319788},{"id":163749,"n":"Mousseline Purina Gourmet Boeuf nappé de sauce - 4x57g","p":2.97,"u":"13,03 €/KG","img":"https://fd8-photos.leclercdrive.fr/image.ashx?id=2861773&use=l&cat=p&typeid=i","cat":285286},{"id":163750,"n":"Mousseline Purina Gourmet Poulet nappé de sauce - 4x57g","p":3.07,"u":"13,46 €/KG","img":"https://fd8-photos.leclercdrive.fr/image.ashx?id=2864197&use=l&cat=p&typeid=i","cat":285286},{"id":163753,"n":"Compote Charles & Alice Pommes Ananas - 4x97g","p":1.47,"u":"3,79 €/KG","img":"https://fd8-photos.leclercdrive.fr/image.ashx?id=2757683&use=l&cat=p&typeid=i","cat":284416},{"id":163910,"n":"Daddy pure canne bio 750g","p":3.39,"u":"4,52 €/KG","img":"https://fd8-photos.leclercdrive.fr/image.ashx?id=2936077&use=l&cat=p&typeid=i","cat":284502},{"id":163930,"n":"Chorizo doux tranché L'Atelier Charcuterie - 100g","p":2.46,"u":"24,60 €/KG","img":"https://fd8-photos.leclercdrive.fr/image.ashx?id=2846574&use=l&cat=p&typeid=i","cat":316007},{"id":163931,"n":"Chiffonnade de chorizo L'Atelier Charcuterie - 80g","p":2.09,"u":"26,13 €/KG","img":"https://fd8-photos.leclercdrive.fr/image.ashx?id=2992675&use=l&cat=p&typeid=i","cat":316007},{"id":163954,"n":"Préfou beurre ail NRT L'Atelier Traiteur - 280g","p":3.99,"u":"14,25 €/KG","img":"https://fd8-photos.leclercdrive.fr/image.ashx?id=2221974&use=l&cat=p&typeid=i","cat":316003},{"id":163957,"n":"Préfou chèvre miel NRT L'Atelier Traiteur - 280g","p":3.99,"u":"14,25 €/KG","img":"https://fd8-photos.leclercdrive.fr/image.ashx?id=2450321&use=l&cat=p&typeid=i","cat":316003},{"id":164271,"n":"Café grains Méo  Excellence - 1kg","p":20.05,"u":"20,05 €/KG","img":"https://fd8-photos.leclercdrive.fr/image.ashx?id=2601521&use=l&cat=p&typeid=i","cat":293237},{"id":164308,"n":"Cremio Box Sodebo Thon - 280g","p":3.35,"u":"11,96 €/KG","img":"https://fd8-photos.leclercdrive.fr/image.ashx?id=2224625&use=l&cat=p&typeid=i","cat":334983},{"id":164331,"n":"AOC Saint Emilion Grand cru rouge Chateau de Pressac 75cl","p":26.5,"u":"35,33 €/L","img":"https://fd8-photos.leclercdrive.fr/image.ashx?id=2186206&use=l&cat=p&typeid=i","cat":289556},{"id":164362,"n":"AOC Cornas rouge Vincent Paris Granit 30 -75cl","p":26.75,"u":"35,67 €/L","img":"https://fd8-photos.leclercdrive.fr/image.ashx?id=2186308&use=l&cat=p&typeid=i","cat":289556},{"id":164378,"n":"AOP Pessac Leognan rouge Chateau Latour Martillac 75cl","p":27.7,"u":"36,93 €/L","img":"https://fd8-photos.leclercdrive.fr/image.ashx?id=2186919&use=l&cat=p&typeid=i","cat":289556},{"id":164394,"n":"Compotes Pom'Potes Gourdes  Pomme Poire Banane - 32x90g","p":11.69,"u":"4,06 €/KG","img":"https://fd8-photos.leclercdrive.fr/image.ashx?id=3010936&use=l&cat=p&typeid=i","cat":284508},{"id":164415,"n":"Taboulé au poulet Menu Fraîcheur - 1kg","p":4.22,"u":"4,22 €/KG","img":"https://fd8-photos.leclercdrive.fr/image.ashx?id=2965533&use=l&cat=p&typeid=i","cat":333657},{"id":164443,"n":"Crème dessert Récré O'Lé Chocolats - 20x85g","p":10.6,"u":"6,24 €/KG","img":"https://fd8-photos.leclercdrive.fr/image.ashx?id=2492869&use=l&cat=p&typeid=i","cat":284506},{"id":164541,"n":"Maïs Bonduelle Sans Résidu De Pesticides 285g","p":1.1,"u":"3,86 €/KG","img":"https://fd8-photos.leclercdrive.fr/image.ashx?id=2972892&use=l&cat=p&typeid=i","cat":312611},{"id":164544,"n":"Colorants alimentaires Sainte L 30g","p":2.95,"u":"98,33 €/KG","img":"https://fd8-photos.leclercdrive.fr/image.ashx?id=2774319&use=l&cat=p&typeid=i","cat":284504},{"id":164546,"n":"Arôme naturel Sainte Lucie Citron - 20ml","p":2.72,"u":"136,00 €/L","img":"https://fd8-photos.leclercdrive.fr/image.ashx?id=2187745&use=l&cat=p&typeid=i","cat":284504},{"id":164547,"n":"Mélange pour paella Sainte Luci 55g","p":2.33,"u":"42,36 €/KG","img":"https://fd8-photos.leclercdrive.fr/image.ashx?id=2187763&use=l&cat=p&typeid=i","cat":298297},{"id":164555,"n":"Ail Sainte Lucie Saveurs du potager - 2","p":3.31,"u":"137,92 €/KG","img":"https://fd8-photos.leclercdrive.fr/image.ashx?id=2968166&use=l&cat=p&typeid=i","cat":298297},{"id":164567,"n":"Eau nettoyante Cadum Bébé  Douceur - 750ml","p":3.35,"u":"4,47 €/L","img":"https://fd8-photos.leclercdrive.fr/image.ashx?id=2278451&use=l&cat=p&typeid=i","cat":284741},{"id":164569,"n":"Gel nettoyant Cadum Bébé  Corps et Cheveux - 750ml","p":3.35,"u":"4,47 €/L","img":"https://fd8-photos.leclercdrive.fr/image.ashx?id=2377799&use=l&cat=p&typeid=i","cat":284740},{"id":164570,"n":"Gel Douche Sans Savon Cadum Huile d'Amandes Douces - 750ml","p":3.25,"u":"4,33 €/L","img":"https://fd8-photos.leclercdrive.fr/image.ashx?id=2352870&use=l&cat=p&typeid=i","cat":284594},{"id":164581,"n":"Démaquillant Maybelline  Lotion fraîcheur yeux - 150ml","p":2.15,"u":"14,33 €/L","img":"https://fd8-photos.leclercdrive.fr/image.ashx?id=2505657&use=l&cat=p&typeid=i","cat":284603},{"id":164583,"n":"Gel Lavant enfant Cadum Corps & cheveux - 750ml","p":4.07,"u":"5,43 €/L","img":"https://fd8-photos.leclercdrive.fr/image.ashx?id=2839496&use=l&cat=p&typeid=i","cat":284594},{"id":164584,"n":"Crème Douche surgras Cadum Beurre de Karité - 750ml","p":3.25,"u":"4,33 €/L","img":"https://fd8-photos.leclercdrive.fr/image.ashx?id=2395020&use=l&cat=p&typeid=i","cat":284594},{"id":164593,"n":"Gel douche Shampoing Ushuaïa Minéraux Marins - 300ml","p":2.23,"u":"7,43 €/L","img":"https://fd8-photos.leclercdrive.fr/image.ashx?id=2445349&use=l&cat=p&typeid=i","cat":284606},{"id":164594,"n":"Gel Douche Hydratant Ushuaïa Grenade des Açores - 300ml","p":2.69,"u":"8,97 €/L","img":"https://fd8-photos.leclercdrive.fr/image.ashx?id=2446983&use=l&cat=p&typeid=i","cat":284594},{"id":164595,"n":"Gel Douche Délassant Ushuaïa Ylang de Madagascar - 300ml","p":1.93,"u":"6,43 €/L","img":"https://fd8-photos.leclercdrive.fr/image.ashx?id=2445346&use=l&cat=p&typeid=i","cat":284594},{"id":164596,"n":"Gel Douche Tonifiant Ushuaïa Extrait de Cèdre - 300ml","p":2.69,"u":"8,97 €/L","img":"https://fd8-photos.leclercdrive.fr/image.ashx?id=2445343&use=l&cat=p&typeid=i","cat":284594},{"id":164598,"n":"40 sacs congélation Alfapac avec lien Moyen modèle","p":1.99,"u":"0,05 €/P","img":"https://fd8-photos.leclercdrive.fr/image.ashx?id=2918700&use=l&cat=p&typeid=i","cat":334134},{"id":164603,"n":"Lessive liquide fleurie Epsil 25 lavages - 1,25L","p":3.91,"u":"3,13 €/L","img":"https://fd8-photos.leclercdrive.fr/image.ashx?id=2603000&use=l&cat=p&typeid=i","cat":284640},{"id":164604,"n":"Lessive liquide fraîcheur Epsil 25 lavages - 1,25L","p":3.33,"u":"2,66 €/L","img":"https://fd8-photos.leclercdrive.fr/image.ashx?id=2602994&use=l&cat=p&typeid=i","cat":284640},{"id":164644,"n":"Bonne nuit Babybio légumes/riz bio 2 x 200g","p":2.43,"u":"6,08 €/KG","img":"https://fd8-photos.leclercdrive.fr/image.ashx?id=2838347&use=l&cat=p&typeid=i","cat":312239},{"id":164652,"n":"Lentilles vertes bio Jardin Bio Etic - 400g","p":2.26,"u":"5,65 €/KG","img":"https://fd8-photos.leclercdrive.fr/image.ashx?id=2748515&use=l&cat=p&typeid=i","cat":284430},{"id":164656,"n":"Jus de Citron Jardin Bio Etic bio -1L","p":4.22,"u":"4,22 €/L","img":"https://fd8-photos.leclercdrive.fr/image.ashx?id=3002102&use=l&cat=p&typeid=i","cat":288383},{"id":164873,"n":"Raclette à l'oignon pasteurisée L'Atelier Fromagerie - 250g","p":3.75,"u":"15,00 €/KG","img":"https://fd8-photos.leclercdrive.fr/image.ashx?id=2856371&use=l&cat=p&typeid=i","cat":314036},{"id":164924,"n":"Bain de Bouche Listerine   Total care leger - 500ml","p":6.35,"u":"12,70 €/L","img":"https://fd8-photos.leclercdrive.fr/image.ashx?id=2685159&use=l&cat=p&typeid=i","cat":284613},{"id":165062,"n":"Gel Lubrifiant Intime Cherry Arome Cerise Durex 100ml","p":10.29,"u":"102,90 €/L","img":"https://fd8-photos.leclercdrive.fr/image.ashx?id=2960696&use=l&cat=p&typeid=i","cat":285160},{"id":165063,"n":"Gel Lubrifiant Intime Hot Durex Effet Chauffant Base Eau 100ml","p":10.29,"u":"102,90 €/L","img":"https://fd8-photos.leclercdrive.fr/image.ashx?id=2785487&use=l&cat=p&typeid=i","cat":285160},{"id":165064,"n":"Lessive poudre Eco + 60 lavages - 3kg","p":4.81,"u":"1,60 €/KG","img":"https://fd8-photos.leclercdrive.fr/image.ashx?id=2638524&use=l&cat=p&typeid=i","cat":284642},{"id":165131,"n":"Crème de cassis d'Anjou  Giffard 16% - 50cl","p":5.5,"u":"11,00 €/L","img":"https://fd8-photos.leclercdrive.fr/image.ashx?id=2219150&use=l&cat=p&typeid=i","cat":286032},{"id":165136,"n":"Crème de fruit de la passion Giffard 16% - 50cl","p":5.5,"u":"11,00 €/L","img":"https://fd8-photos.leclercdrive.fr/image.ashx?id=2219159&use=l&cat=p&typeid=i","cat":286032},{"id":165156,"n":"Jus MultiFruits Désucré Jafaden - 1L","p":1.69,"u":"1,69 €/L","img":"https://fd8-photos.leclercdrive.fr/image.ashx?id=2497971&use=l&cat=p&typeid=i","cat":284917},{"id":165198,"n":"Pate à tartiner Bonne Maman Noisette et cacao - 250g","p":3.25,"u":"13,00 €/KG","img":"https://fd8-photos.leclercdrive.fr/image.ashx?id=2891103&use=l&cat=p&typeid=i","cat":284481},{"id":165199,"n":"Pate à tartiner Bonne Maman Noisette et cacao - 360g","p":4.04,"u":"11,22 €/KG","img":"https://fd8-photos.leclercdrive.fr/image.ashx?id=2891106&use=l&cat=p&typeid=i","cat":284481},{"id":165200,"n":"Pate à tartiner Bonne Maman Noisette et cacao - 580g","p":6.07,"u":"10,47 €/KG","img":"https://fd8-photos.leclercdrive.fr/image.ashx?id=2891109&use=l&cat=p&typeid=i","cat":284481},{"id":165210,"n":"Compotes Pom'Potes Gourdes  5 Fruits Roses - 4x90g","p":1.84,"u":"5,11 €/KG","img":"https://fd8-photos.leclercdrive.fr/image.ashx?id=3010906&use=l&cat=p&typeid=i","cat":284508},{"id":165554,"n":"1 kilo de stickers Paw Patrol 1 pièce","p":14.5,"img":"https://fd8-photos.leclercdrive.fr/image.ashx?id=2256700&use=l&cat=p&typeid=i","cat":334381},{"id":165555,"n":"1 kilo de stickers princesses 1 pièce","p":14.5,"img":"https://fd8-photos.leclercdrive.fr/image.ashx?id=2256706&use=l&cat=p&typeid=i","cat":334381},{"id":165605,"n":"Tenders de poulet Coté Croc  - 600g","p":6.23,"u":"10,38 €/KG","img":"https://fd8-photos.leclercdrive.fr/image.ashx?id=2198315&use=l&cat=p&typeid=i","cat":319780},{"id":165644,"n":"Fromage Caprice Des Dieux En cas de Caprice - 150g","p":2.45,"u":"16,33 €/KG","img":"https://fd8-photos.leclercdrive.fr/image.ashx?id=2785859&use=l&cat=p&typeid=i","cat":314033},{"id":165666,"n":"Confitures Léonce Blanc 70% 4 agrumes - 320g","p":2.01,"u":"6,28 €/KG","img":"https://fd8-photos.leclercdrive.fr/image.ashx?id=2362591&use=l&cat=p&typeid=i","cat":284480},{"id":165670,"n":"Tête de recharge Dentamyl Brosse à dent médium - x3","p":1.0,"u":"0,33 €/P","img":"https://fd8-photos.leclercdrive.fr/image.ashx?id=2791018&use=l&cat=p&typeid=i","cat":284614},{"id":165690,"n":"Gel douche bio Ushuaïa Vanille - 250ml","p":2.94,"u":"11,76 €/L","img":"https://fd8-photos.leclercdrive.fr/image.ashx?id=2439326&use=l&cat=p&typeid=i","cat":284594},{"id":165691,"n":"Gel douche bio Ushuaïa Fleur d'Oranger - 250ml","p":3.37,"u":"13,48 €/L","img":"https://fd8-photos.leclercdrive.fr/image.ashx?id=2439329&use=l&cat=p&typeid=i","cat":284594},{"id":165726,"n":"Madeleine Bonne Maman Framboise x10 - 300g","p":4.29,"u":"14,30 €/KG","img":"https://fd8-photos.leclercdrive.fr/image.ashx?id=2936251&use=l&cat=p&typeid=i","cat":284492},{"id":165769,"n":"After Eight Chocolat Noël Saveur fraise - 400g","p":5.85,"u":"14,63 €/KG","img":"https://fd8-photos.leclercdrive.fr/image.ashx?id=2451489&use=l&cat=p&typeid=i","cat":327595},{"id":165801,"n":"Sauce bolognaise Eco+ 420g","p":1.13,"u":"2,69 €/KG","img":"https://fd8-photos.leclercdrive.fr/image.ashx?id=2634845&use=l&cat=p&typeid=i","cat":287599},{"id":165808,"n":"Jungle Speed Koh Lanta Exclusivité - Dès 7 ans","p":20.99,"img":"https://fd8-photos.leclercdrive.fr/image.ashx?id=2205036&use=l&cat=p&typeid=i","cat":334378},{"id":165861,"n":"Mickey–Véhicule&Figurine 7,5cm Véhicule pompier - Dès 3 ans","p":25.04,"img":"https://fd8-photos.leclercdrive.fr/image.ashx?id=2206949&use=l&cat=p&typeid=i","cat":334380},{"id":165862,"n":"Minnie-Véhicule&Figurine 7,5cm Voiture - Dès 3 ans","p":24.14,"img":"https://fd8-photos.leclercdrive.fr/image.ashx?id=2206952&use=l&cat=p&typeid=i","cat":334380},{"id":165905,"n":"Monopoly contrefacon Dès 8 ans","p":23.0,"img":"https://fd8-photos.leclercdrive.fr/image.ashx?id=2293228&use=l&cat=p&typeid=i","cat":334378},{"id":165922,"n":"Totem Infernal Xtreme Duel Dès 7 ans","p":13.83,"img":"https://fd8-photos.leclercdrive.fr/image.ashx?id=2203823&use=l&cat=p&typeid=i","cat":334378},{"id":165926,"n":"Intersection à assembler Lego City - Dès 5 ans","p":18.9,"img":"https://fd8-photos.leclercdrive.fr/image.ashx?id=2607779&use=l&cat=p&typeid=i","cat":334380},{"id":165927,"n":"L’hélicoptère secours pompiers Lego City - Dès 5 ans","p":24.3,"img":"https://fd8-photos.leclercdrive.fr/image.ashx?id=2288557&use=l&cat=p&typeid=i","cat":334380},{"id":165951,"n":"La cabane dans l’arbre safari Lego Creator - Dès 7 ans","p":31.9,"img":"https://fd8-photos.leclercdrive.fr/image.ashx?id=2287125&use=l&cat=p&typeid=i","cat":334380},{"id":165978,"n":"Pack de Démarrage  de Luigi Lego - Dès 6 ans","p":49.99,"u":"Dont 0,10 € d'éco-part.","img":"https://fd8-photos.leclercdrive.fr/image.ashx?id=2579086&use=l&cat=p&typeid=i","cat":334380},{"id":166007,"n":"Pick-up et moto avec tente Playmobil FamilyFun - Dès 4 ans","p":71.8,"img":"https://fd8-photos.leclercdrive.fr/image.ashx?id=2205839&use=l&cat=p&typeid=i","cat":334380},{"id":166013,"n":"Stuntshow Voiture crash test Playmobil - Dès 4 ans","p":23.58,"img":"https://fd8-photos.leclercdrive.fr/image.ashx?id=2205857&use=l&cat=p&typeid=i","cat":334380},{"id":166029,"n":"Dragon Racing: Astrid Tempête  Playmobil Dragons - Dès 4 ans","p":39.65,"img":"https://fd8-photos.leclercdrive.fr/image.ashx?id=2205905&use=l&cat=p&typeid=i","cat":334380},{"id":166030,"n":"Porsche 911 GT3 Cup  Playmobil - Dès 5 ans","p":40.01,"img":"https://fd8-photos.leclercdrive.fr/image.ashx?id=2205908&use=l&cat=p&typeid=i","cat":334380},{"id":166031,"n":"Xoomy maxi avec rouleau Ravensburger - Dès 6 ans","p":29.01,"u":"Dont 0,02 € d'éco-part.","img":"https://fd8-photos.leclercdrive.fr/image.ashx?id=2937640&use=l&cat=p&typeid=i","cat":334381},{"id":166034,"n":"Miam Miaou Ravensburger Dès 3 ans","p":26.89,"img":"https://fd8-photos.leclercdrive.fr/image.ashx?id=2937658&use=l&cat=p&typeid=i","cat":334378},{"id":166159,"n":"Play-doh pack 20 pots Dès 2 ans","p":17.19,"img":"https://fd8-photos.leclercdrive.fr/image.ashx?id=2222461&use=l&cat=p&typeid=i","cat":334381},{"id":166187,"n":"Jumanji Dès 8 ans","p":22.11,"img":"https://fd8-photos.leclercdrive.fr/image.ashx?id=2222425&use=l&cat=p&typeid=i","cat":334378},{"id":166198,"n":"Play-doh nouveau coiffeur Dès 3 ans","p":38.57,"img":"https://fd8-photos.leclercdrive.fr/image.ashx?id=2222437&use=l&cat=p&typeid=i","cat":334381},{"id":166203,"n":"Domino express goliath Dès 6 ans","p":13.31,"u":"Dont 0,20 € d'éco-part.","img":"https://fd8-photos.leclercdrive.fr/image.ashx?id=2222368&use=l&cat=p&typeid=i","cat":334380},{"id":166244,"n":"After Eight Chocolat Noël Saveur mojito - 400g","p":5.85,"u":"14,63 €/KG","img":"https://fd8-photos.leclercdrive.fr/image.ashx?id=2908327&use=l&cat=p&typeid=i","cat":327595},{"id":166304,"n":"Croquettes poisson pané Findus MSC Ail Fines Herbes x6 - 300g","p":2.85,"u":"9,50 €/KG","img":"https://fd8-photos.leclercdrive.fr/image.ashx?id=3008752&use=l&cat=p&typeid=i","cat":319788},{"id":166361,"n":"Poisson Colin Alaska Findus  Croustillant Bordelaise - 380g","p":4.99,"u":"13,13 €/KG","img":"https://fd8-photos.leclercdrive.fr/image.ashx?id=2278034&use=l&cat=p&typeid=i","cat":319788},{"id":166371,"n":"Cassonade pur canne Daddy - 1kg","p":2.29,"u":"2,29 €/KG","img":"https://fd8-photos.leclercdrive.fr/image.ashx?id=2936059&use=l&cat=p&typeid=i","cat":284502},{"id":166399,"n":"AOC Jurançon blanc Matayac Petit et Gros Manseng - 75cl","p":7.9,"u":"10,53 €/L","img":"https://fd8-photos.leclercdrive.fr/image.ashx?id=2792324&use=l&cat=p&typeid=i","cat":289557},{"id":166419,"n":"Signature Patato Pops McCain Pommes de terre - 650g","p":3.16,"u":"4,86 €/KG","img":"https://fd8-photos.leclercdrive.fr/image.ashx?id=2752233&use=l&cat=p&typeid=i","cat":319792},{"id":166457,"n":"Masque reconstructeur Elsève Full Resist - 680ml","p":11.05,"u":"16,25 €/L","img":"https://fd8-photos.leclercdrive.fr/image.ashx?id=2520491&use=l&cat=p&typeid=i","cat":284608},{"id":166486,"n":"Nectar Fruits du Verger Jafaden Sans sucre ajouté - 1L","p":1.59,"u":"1,59 €/L","img":"https://fd8-photos.leclercdrive.fr/image.ashx?id=2919658&use=l&cat=p&typeid=i","cat":284521},{"id":166598,"n":"Sauce spaghetti bio Jardin Bio 510g","p":4.03,"u":"7,90 €/KG","img":"https://fd8-photos.leclercdrive.fr/image.ashx?id=2811164&use=l&cat=p&typeid=i","cat":288384},{"id":166603,"n":"Petit beurre bio Jardin Bio 150g","p":2.39,"u":"15,93 €/KG","img":"https://fd8-photos.leclercdrive.fr/image.ashx?id=2963205&use=l&cat=p&typeid=i","cat":284487},{"id":166674,"n":"Confiture Douceur du Verger Fraise - 750g","p":2.15,"u":"2,87 €/KG","img":"https://fd8-photos.leclercdrive.fr/image.ashx?id=2965545&use=l&cat=p&typeid=i","cat":284480},{"id":166675,"n":"Confiture Douceur du Verger Abricot - 370g","p":1.27,"u":"3,43 €/KG","img":"https://fd8-photos.leclercdrive.fr/image.ashx?id=2965572&use=l&cat=p&typeid=i","cat":284480},{"id":166686,"n":"Yaourt protéiné Hipro  Coco 0%mg - 2x160g","p":2.39,"u":"7,47 €/KG","img":"https://fd8-photos.leclercdrive.fr/image.ashx?id=2807423&use=l&cat=p&typeid=i","cat":315000},{"id":166687,"n":"Yaourt protéiné Hipro 0%mg  Banane beurre cacahuète -2x160g","p":2.39,"u":"7,47 €/KG","img":"https://fd8-photos.leclercdrive.fr/image.ashx?id=2807426&use=l&cat=p&typeid=i","cat":315000},{"id":166707,"n":"Saumon fumé Delpierre Norvège 10 tranches - 320g","p":11.45,"u":"35,78 €/KG","img":"https://fd8-photos.leclercdrive.fr/image.ashx?id=2961915&use=l&cat=p&typeid=i","cat":285188},{"id":166751,"n":"Lessive en poudre Epsil 10 lavages - 500g","p":2.69,"u":"5,38 €/KG","img":"https://fd8-photos.leclercdrive.fr/image.ashx?id=2450158&use=l&cat=p&typeid=i","cat":284642},{"id":166752,"n":"Lessive tri-dose Orient Epsil x20 - 490ml","p":4.49,"u":"9,16 €/L","img":"https://fd8-photos.leclercdrive.fr/image.ashx?id=2450116&use=l&cat=p&typeid=i","cat":284641},{"id":166753,"n":"Apéritif Apérol Spritz 12.5% vol - 1L","p":16.29,"u":"16,29 €/L","img":"https://fd8-photos.leclercdrive.fr/image.ashx?id=2957287&use=l&cat=p&typeid=i","cat":286032},{"id":166754,"n":"Spéculoos pocket P'tit Déli 168g","p":0.85,"u":"5,06 €/KG","img":"https://fd8-photos.leclercdrive.fr/image.ashx?id=2245598&use=l&cat=p&typeid=i","cat":284487},{"id":166759,"n":"Filet poulet rôti Fleury Michon  sans nitrite x4 - 116g","p":2.25,"u":"19,40 €/KG","img":"https://fd8-photos.leclercdrive.fr/image.ashx?id=2955173&use=l&cat=p&typeid=i","cat":316010},{"id":166831,"n":"Mini batonnet surimi Pêche MSC Océan Avec mayonnaise - 210g","p":1.9,"u":"9,05 €/KG","img":"https://fd8-photos.leclercdrive.fr/image.ashx?id=2212039&use=l&cat=p&typeid=i","cat":285189},{"id":166876,"n":"Lessive bi-doses Xeor Fraîcheur x30","p":5.24,"u":"7,13 €/L","img":"https://fd8-photos.leclercdrive.fr/image.ashx?id=2838945&use=l&cat=p&typeid=i","cat":284641},{"id":166878,"n":"Lessive bi-doses Xeor Savon de Marseille x30","p":5.24,"u":"7,13 €/L","img":"https://fd8-photos.leclercdrive.fr/image.ashx?id=2838948&use=l&cat=p&typeid=i","cat":284641},{"id":166891,"n":"Cookies crunchy melts Cadbury Oreo 156g","p":1.59,"u":"10,19 €/KG","img":"https://fd8-photos.leclercdrive.fr/image.ashx?id=2328286&use=l&cat=p&typeid=i","cat":325066},{"id":166893,"n":"Bonbons Trolli Pop eye 75g","p":1.46,"u":"19,47 €/KG","img":"https://fd8-photos.leclercdrive.fr/image.ashx?id=2854015&use=l&cat=p&typeid=i","cat":304250},{"id":166982,"n":"Pâté aux olives Stemmelen 4 tranches - 200g","p":2.26,"u":"11,30 €/KG","img":"https://fd8-photos.leclercdrive.fr/image.ashx?id=2213019&use=l&cat=p&typeid=i","cat":316008},{"id":167011,"n":"Pur jus de clémentine Jafaden 90cl","p":2.15,"u":"2,39 €/L","img":"https://fd8-photos.leclercdrive.fr/image.ashx?id=2723162&use=l&cat=p&typeid=i","cat":285435},{"id":167094,"n":"Gin Citadelle Jardin d'été 41.5% vol. - 70cl","p":29.62,"u":"42,31 €/L","img":"https://fd8-photos.leclercdrive.fr/image.ashx?id=2215056&use=l&cat=p&typeid=i","cat":284550},{"id":167222,"n":"Calendrier de l'Avent Galak Chocolat Noël - 196,8g","p":11.0,"u":"55,84 €/KG","img":"https://fd8-photos.leclercdrive.fr/image.ashx?id=2902382&use=l&cat=p&typeid=i","cat":336112},{"id":167238,"n":"Escargots noir et lait Revillon Papillotes Noir Lait - 370g","p":11.99,"u":"32,41 €/KG","img":"https://fd8-photos.leclercdrive.fr/image.ashx?id=2661205&use=l&cat=p&typeid=i","cat":327597},{"id":167239,"n":"Festif Truffes Revillon Noir 70% - 370g","p":11.59,"u":"31,32 €/KG","img":"https://fd8-photos.leclercdrive.fr/image.ashx?id=2661199&use=l&cat=p&typeid=i","cat":327597},{"id":167240,"n":"Festif rochers Revillon Noir 70% & lait - 370g","p":11.59,"u":"31,32 €/KG","img":"https://fd8-photos.leclercdrive.fr/image.ashx?id=2661661&use=l&cat=p&typeid=i","cat":327597},{"id":167241,"n":"Festif Malakoffs Revillon Noir 70% & lait - 370g","p":11.59,"u":"31,32 €/KG","img":"https://fd8-photos.leclercdrive.fr/image.ashx?id=2661202&use=l&cat=p&typeid=i","cat":327597},{"id":167242,"n":"Nougats noir et lait  Revillon Noir 70% & lait - 300g","p":11.59,"u":"38,63 €/KG","img":"https://fd8-photos.leclercdrive.fr/image.ashx?id=2661658&use=l&cat=p&typeid=i","cat":327597},{"id":167243,"n":"Papillotes Révillon Noir 70% Féerique- 360g","p":11.59,"u":"32,19 €/KG","img":"https://fd8-photos.leclercdrive.fr/image.ashx?id=2863272&use=l&cat=p&typeid=i","cat":327597},{"id":167244,"n":"Papillotes Revillon Lait   Féerique - 360g","p":11.59,"u":"32,19 €/KG","img":"https://fd8-photos.leclercdrive.fr/image.ashx?id=2863269&use=l&cat=p&typeid=i","cat":327597},{"id":167245,"n":"Papillotes Révillon Blanc Féerique - 360g","p":11.59,"u":"32,19 €/KG","img":"https://fd8-photos.leclercdrive.fr/image.ashx?id=2409124&use=l&cat=p&typeid=i","cat":327597},{"id":167246,"n":"Papillotes Revillon Noir Lait Féerique - 360g","p":11.59,"u":"32,19 €/KG","img":"https://fd8-photos.leclercdrive.fr/image.ashx?id=2863275&use=l&cat=p&typeid=i","cat":327597},{"id":167247,"n":"Papillotes Révillon Lait et Blanc - 360g","p":11.59,"u":"32,19 €/KG","img":"https://fd8-photos.leclercdrive.fr/image.ashx?id=2863278&use=l&cat=p&typeid=i","cat":327597},{"id":167248,"n":"Papillote Révillon Noir Lait et Blanc Féerique - 360g","p":11.59,"u":"32,19 €/KG","img":"https://fd8-photos.leclercdrive.fr/image.ashx?id=2863121&use=l&cat=p&typeid=i","cat":327597},{"id":167299,"n":"Café en grains Ras d'Amhara Vénitien - 1kg","p":16.58,"u":"16,58 €/KG","img":"https://fd8-photos.leclercdrive.fr/image.ashx?id=2215656&use=l&cat=p&typeid=i","cat":293237},{"id":167300,"n":"Café moulu Ras d'Amhara Vénitien - 250g","p":4.8,"u":"19,20 €/KG","img":"https://fd8-photos.leclercdrive.fr/image.ashx?id=2216701&use=l&cat=p&typeid=i","cat":284750},{"id":167301,"n":"Café moulu Ras d'Amhara Vénitien - x250g","p":8.59,"u":"17,18 €/KG","img":"https://fd8-photos.leclercdrive.fr/image.ashx?id=2215653&use=l&cat=p&typeid=i","cat":284750},{"id":167305,"n":"Champagne Brut Canard Duchêne Edition limitée Reforest - 75cl","p":28.38,"u":"37,84 €/L","img":"https://fd8-photos.leclercdrive.fr/image.ashx?id=2710996&use=l&cat=p&typeid=i","cat":284542},{"id":167306,"n":"Soupe Déshydratée Oignon KNORR 4 portions - 94g","p":1.19,"u":"12,66 €/KG","img":"https://fd8-photos.leclercdrive.fr/image.ashx?id=2780088&use=l&cat=p&typeid=i","cat":284463},{"id":167338,"n":"Croustilles Star Belin Salé - 90g","p":1.52,"u":"16,89 €/KG","img":"https://fd8-photos.leclercdrive.fr/image.ashx?id=3002222&use=l&cat=p&typeid=i","cat":284449},{"id":167362,"n":"Chips Tuiles Pringles Sel et Vinaigre - 165g","p":2.12,"u":"12,85 €/KG","img":"https://fd8-photos.leclercdrive.fr/image.ashx?id=2661742&use=l&cat=p&typeid=i","cat":287899},{"id":167375,"n":"Pois chiches d'aucy Bien Cultivés - 250g","p":1.31,"u":"5,24 €/KG","img":"https://fd8-photos.leclercdrive.fr/image.ashx?id=2800764&use=l&cat=p&typeid=i","cat":312609},{"id":167378,"n":"Haricots verts d'aucy  Bien Cultivés - 58cl","p":2.39,"u":"4,12 €/L","img":"https://fd8-photos.leclercdrive.fr/image.ashx?id=2800770&use=l&cat=p&typeid=i","cat":312606},{"id":167381,"n":"Petits pois d'aucy  Bien Cultivés - 250g","p":1.31,"u":"5,24 €/KG","img":"https://fd8-photos.leclercdrive.fr/image.ashx?id=2216353&use=l&cat=p&typeid=i","cat":312607},{"id":167382,"n":"Pois carottes d'aucy  Bien Cultivés - 250g","p":1.31,"u":"5,24 €/KG","img":"https://fd8-photos.leclercdrive.fr/image.ashx?id=2835259&use=l&cat=p&typeid=i","cat":312607},{"id":167389,"n":"Pur jus d'orange Jafaden Sans pulpe - 90cl","p":2.15,"u":"2,39 €/L","img":"https://fd8-photos.leclercdrive.fr/image.ashx?id=2723159&use=l&cat=p&typeid=i","cat":285435},{"id":167390,"n":"Pur jus de pamplemousse Jafaden Avec pulpe - 90cl","p":1.88,"u":"2,09 €/L","img":"https://fd8-photos.leclercdrive.fr/image.ashx?id=2819639&use=l&cat=p&typeid=i","cat":285435},{"id":167391,"n":"Jus de pomme Jafaden 90cl","p":1.91,"u":"2,12 €/L","img":"https://fd8-photos.leclercdrive.fr/image.ashx?id=2723171&use=l&cat=p&typeid=i","cat":285435},{"id":167392,"n":"Jus d'ananas Jafaden 90cl","p":2.21,"u":"2,46 €/L","img":"https://fd8-photos.leclercdrive.fr/image.ashx?id=2819642&use=l&cat=p&typeid=i","cat":285435},{"id":167393,"n":"Boisson au jus de citron Jafaden - 90cl","p":1.87,"u":"2,08 €/L","img":"https://fd8-photos.leclercdrive.fr/image.ashx?id=2723177&use=l&cat=p&typeid=i","cat":285435},{"id":167394,"n":"Pur jus multifruits Jafaden Pomme pêche abricot - 90cl","p":2.09,"u":"2,32 €/L","img":"https://fd8-photos.leclercdrive.fr/image.ashx?id=2723180&use=l&cat=p&typeid=i","cat":285435},{"id":167395,"n":"Pur jus d'orange frais Jafaden Avec pulpe - 1,5L","p":3.65,"u":"2,43 €/L","img":"https://fd8-photos.leclercdrive.fr/image.ashx?id=2916719&use=l&cat=p&typeid=i","cat":285435},{"id":167397,"n":"Pur jus d'orange Jafaden Avec pulpe - 90cl","p":2.21,"u":"2,46 €/L","img":"https://fd8-photos.leclercdrive.fr/image.ashx?id=2723156&use=l&cat=p&typeid=i","cat":285435},{"id":167416,"n":"Gel douche Le Petit Marseillais Noix de coco - 250ml","p":1.47,"u":"5,88 €/L","img":"https://fd8-photos.leclercdrive.fr/image.ashx?id=2681856&use=l&cat=p&typeid=i","cat":284594},{"id":167529,"n":"Lait bébé en poudre Gallia Calisma 1er âge 0-6 mois 830g","p":16.11,"u":"19,41 €/KG","img":"https://fd8-photos.leclercdrive.fr/image.ashx?id=2456201&use=l&cat=p&typeid=i","cat":284726},{"id":167530,"n":"Lait bébé en poudre Gallia Calisma 2e âge 6-12 mois 830g","p":15.38,"u":"18,53 €/KG","img":"https://fd8-photos.leclercdrive.fr/image.ashx?id=2479730&use=l&cat=p&typeid=i","cat":284727},{"id":167531,"n":"Lait bébé poudre Gallia Relais Calisma  1er âge 0-6 mois 830g","p":19.45,"u":"23,43 €/KG","img":"https://fd8-photos.leclercdrive.fr/image.ashx?id=2462460&use=l&cat=p&typeid=i","cat":284726},{"id":167532,"n":"Lait bébé poudre Gallia Relais Calisma 2e âge 6-12 mois 830g","p":18.9,"u":"22,77 €/KG","img":"https://fd8-photos.leclercdrive.fr/image.ashx?id=2911217&use=l&cat=p&typeid=i","cat":284727},{"id":167533,"n":"Tagliatelle Lustucru Selection  360g","p":1.79,"u":"4,97 €/KG","img":"https://fd8-photos.leclercdrive.fr/image.ashx?id=2885351&use=l&cat=p&typeid=i","cat":333682},{"id":167534,"n":"Tagliatelle Lustucru Selection  Maxi 600g","p":2.89,"u":"4,82 €/KG","img":"https://fd8-photos.leclercdrive.fr/image.ashx?id=2792399&use=l&cat=p&typeid=i","cat":333682},{"id":167535,"n":"Fettucini Lustucru Selection  350g","p":2.34,"u":"6,69 €/KG","img":"https://fd8-photos.leclercdrive.fr/image.ashx?id=2792402&use=l&cat=p&typeid=i","cat":333682},{"id":167549,"n":"Découpe de canard  La Nouvelle Agriculture - 200g","p":6.62,"u":"33,10 €/KG","img":"https://fd8-photos.leclercdrive.fr/image.ashx?id=2364285&use=l&cat=p&typeid=i","cat":284339},{"id":167561,"n":"Brique pur jus Jafaden Multifruits - 1,5L","p":2.82,"u":"1,88 €/L","img":"https://fd8-photos.leclercdrive.fr/image.ashx?id=2916722&use=l&cat=p&typeid=i","cat":285435},{"id":167600,"n":"Comté Le Montarlier Président Affiné 12 mois - 200g","p":5.19,"u":"25,95 €/KG","img":"https://fd8-photos.leclercdrive.fr/image.ashx?id=2623753&use=l&cat=p&typeid=i","cat":314034},{"id":167612,"n":"Lessive Epsil Perfect Tri Doses Pure fraîcheur x20 - 490ml","p":4.99,"u":"10,18 €/L","img":"https://fd8-photos.leclercdrive.fr/image.ashx?id=2450122&use=l&cat=p&typeid=i","cat":284641},{"id":167633,"n":"Capsules Café Royal Espresso Forte - x18 - 93g","p":4.95,"u":"53,23 €/KG","img":"https://fd8-photos.leclercdrive.fr/image.ashx?id=2791617&use=l&cat=p&typeid=i","cat":284749},{"id":167646,"n":"Rhum Havana Club Cuban Spiced 35% vol - 70cl","p":21.08,"u":"30,11 €/L","img":"https://fd8-photos.leclercdrive.fr/image.ashx?id=2839415&use=l&cat=p&typeid=i","cat":284550},{"id":167649,"n":"Whisky Single malt The Deveron 12ans 40%vol - 70cl","p":34.95,"u":"49,93 €/L","img":"https://fd8-photos.leclercdrive.fr/image.ashx?id=2219973&use=l&cat=p&typeid=i","cat":284547},{"id":167660,"n":"Whisky Kilbeggan 43%vol. - 70cl","p":33.19,"u":"47,41 €/L","img":"https://fd8-photos.leclercdrive.fr/image.ashx?id=2219901&use=l&cat=p&typeid=i","cat":284547},{"id":167783,"n":"Tarte en Or feuilletée Herta Sans huile de palme - 230g","p":1.99,"u":"8,65 €/KG","img":"https://fd8-photos.leclercdrive.fr/image.ashx?id=2907938&use=l&cat=p&typeid=i","cat":333681},{"id":167922,"n":"Sodiafizz Lutti 300g","p":1.97,"u":"6,57 €/KG","img":"https://fd8-photos.leclercdrive.fr/image.ashx?id=2857033&use=l&cat=p&typeid=i","cat":304250},{"id":167969,"n":"Piles Alcaline Duracell Optimum 1,5V LR06 x12 - 1 pièce","p":15.32,"img":"https://fd8-photos.leclercdrive.fr/image.ashx?id=2862851&use=l&cat=p&typeid=i","cat":300572},{"id":167974,"n":"Piles Duracell Optimum Alcalines AAA - 1,5V LR03 x12","p":15.18,"img":"https://fd8-photos.leclercdrive.fr/image.ashx?id=2855379&use=l&cat=p&typeid=i","cat":300572},{"id":168043,"n":"Liqueur de menthe Get Essentiel 17,9° - 70cl","p":13.43,"u":"19,19 €/L","img":"https://fd8-photos.leclercdrive.fr/image.ashx?id=2858267&use=l&cat=p&typeid=i","cat":286032},{"id":168093,"n":"Bière aromatisée GrimbergenRoug Rouge 5,5° - 12x25cl","p":10.45,"u":"3,48 €/L","img":"https://fd8-photos.leclercdrive.fr/image.ashx?id=2873324&use=l&cat=p&typeid=i","cat":334878},{"id":168124,"n":"Pâte à sucre Sainte Lucie Blanche - 250g","p":3.61,"u":"14,44 €/KG","img":"https://fd8-photos.leclercdrive.fr/image.ashx?id=2776118&use=l&cat=p&typeid=i","cat":284504},{"id":168151,"n":"Biscuit bébé Blédina 15 mois  Céréales pépites chocolat -168g","p":2.79,"u":"16,61 €/KG","img":"https://fd8-photos.leclercdrive.fr/image.ashx?id=2892421&use=l&cat=p&typeid=i","cat":312227},{"id":168169,"n":"Ferments Lactiques Tablier Blanc - 8g","p":2.42,"u":"302,50 €/KG","img":"https://fd8-photos.leclercdrive.fr/image.ashx?id=2487488&use=l&cat=p&typeid=i","cat":284504},{"id":168171,"n":"Grandi girasoli Rana Ricotta, Épinards, Mascarpone - 250g","p":3.72,"u":"14,88 €/KG","img":"https://fd8-photos.leclercdrive.fr/image.ashx?id=2433759&use=l&cat=p&typeid=i","cat":333682},{"id":168285,"n":"Papier cadeau Reine des Neiges2 Olaf - 5mx70cm","p":1.71,"img":"https://fd8-photos.leclercdrive.fr/image.ashx?id=2226082&use=l&cat=p&typeid=i","cat":335914},{"id":168286,"n":"Papier cadeau Reine des Neiges2 Forest spirit - 5mx70cm","p":1.71,"img":"https://fd8-photos.leclercdrive.fr/image.ashx?id=2226085&use=l&cat=p&typeid=i","cat":335914},{"id":168287,"n":"Papier cadeau Reine des Neiges2 Best friends - 5mx70cm","p":1.71,"img":"https://fd8-photos.leclercdrive.fr/image.ashx?id=2226088&use=l&cat=p&typeid=i","cat":335914},{"id":168301,"n":"Skyr Yoplait  Nature 0%Mg - 850g","p":3.29,"u":"3,87 €/KG","img":"https://fd8-photos.leclercdrive.fr/image.ashx?id=2884444&use=l&cat=p&typeid=i","cat":315000},{"id":168307,"n":"Poulet émincé Isla Délice Spécial Kebab's - 400g","p":5.99,"u":"14,98 €/KG","img":"https://fd8-photos.leclercdrive.fr/image.ashx?id=2226457&use=l&cat=p&typeid=i","cat":319780},{"id":168313,"n":"Les 3 Légumes Bonduelle Précuit vapeur - 750g","p":2.41,"u":"3,21 €/KG","img":"https://fd8-photos.leclercdrive.fr/image.ashx?id=2876167&use=l&cat=p&typeid=i","cat":319805},{"id":168324,"n":"Filet de poulet Tenders Isla Délice - 360g","p":4.99,"u":"13,86 €/KG","img":"https://fd8-photos.leclercdrive.fr/image.ashx?id=2314284&use=l&cat=p&typeid=i","cat":319780},{"id":168327,"n":"Mini Boulettes Charal Happy Family x50 - 750g","p":8.82,"u":"11,76 €/KG","img":"https://fd8-photos.leclercdrive.fr/image.ashx?id=2956457&use=l&cat=p&typeid=i","cat":319779},{"id":168354,"n":"Mascara Maybelline Sensational  - 1 pièce","p":9.45,"pp":6.24,"img":"https://fd8-photos.leclercdrive.fr/image.ashx?id=3010792&use=l&cat=p&typeid=i","cat":287029},{"id":168371,"n":"Masque Peel-Off Charbon Garnier Anti-Points Noirs - 50ml","p":3.91,"u":"78,20 €/L","img":"https://fd8-photos.leclercdrive.fr/image.ashx?id=2634193&use=l&cat=p&typeid=i","cat":325346},{"id":168391,"n":"Jus de pomme désucré Jafaden 1L","p":1.39,"u":"1,39 €/L","img":"https://fd8-photos.leclercdrive.fr/image.ashx?id=2227035&use=l&cat=p&typeid=i","cat":284522},{"id":168569,"n":"Boulettes au bœuf Charal x30 - 900g","p":8.85,"u":"9,83 €/KG","img":"https://fd8-photos.leclercdrive.fr/image.ashx?id=2901845&use=l&cat=p&typeid=i","cat":319779},{"id":168583,"n":"Gouter fourrés Bio Village Framboise Bio - 186g","p":2.42,"u":"13,01 €/KG","img":"https://fd8-photos.leclercdrive.fr/image.ashx?id=2229672&use=l&cat=p&typeid=i","cat":284489},{"id":168656,"n":"Schoko-bons white Kinder Chocolat - 300g","p":6.62,"u":"22,07 €/KG","img":"https://fd8-photos.leclercdrive.fr/image.ashx?id=2918071&use=l&cat=p&typeid=i","cat":327592},{"id":168676,"n":"Compotes Pom'Potes Gourdes  Multivariétés Inédits - 20x90g","p":7.85,"u":"4,36 €/KG","img":"https://fd8-photos.leclercdrive.fr/image.ashx?id=2870179&use=l&cat=p&typeid=i","cat":284508},{"id":168677,"n":"Compotes Pom'Potes Gourdes BIO Pomme Nature - 20x90g","p":9.87,"u":"5,48 €/KG","img":"https://fd8-photos.leclercdrive.fr/image.ashx?id=2919742&use=l&cat=p&typeid=i","cat":284508},{"id":168868,"n":"Essuie-tout Uni Vert 2 = 4 rouleaux","p":2.72,"u":"1,36 €/P","img":"https://fd8-photos.leclercdrive.fr/image.ashx?id=2333715&use=l&cat=p&typeid=i","cat":284635},{"id":168869,"n":"Papier toilette Uni Vert 2 plis 4=12 - x4","p":3.38,"u":"0,85 €/P","img":"https://fd8-photos.leclercdrive.fr/image.ashx?id=2333718&use=l&cat=p&typeid=i","cat":284634},{"id":168871,"n":"Mouchoirs Boîte 3 plis Univert Mouchoir papier non blanchi x80","p":1.26,"u":"0,02 €/P","img":"https://fd8-photos.leclercdrive.fr/image.ashx?id=2571941&use=l&cat=p&typeid=i","cat":284638},{"id":168990,"n":"Burgers Eco+ x10 - 1kg","p":6.53,"u":"6,53 €/KG","img":"https://fd8-photos.leclercdrive.fr/image.ashx?id=2966523&use=l&cat=p&typeid=i","cat":319778},{"id":168992,"n":"Nuggets de volaille Eco+ 500g","p":2.18,"u":"4,36 €/KG","img":"https://fd8-photos.leclercdrive.fr/image.ashx?id=2233397&use=l&cat=p&typeid=i","cat":319780},{"id":168993,"n":"Viande hachée Eco+  800g","p":9.49,"u":"11,86 €/KG","img":"https://fd8-photos.leclercdrive.fr/image.ashx?id=2966526&use=l&cat=p&typeid=i","cat":319779},{"id":168994,"n":"Yaourt Enfant Petits Filous Tubs Aromatisés - x15","p":3.29,"u":"5,93 €/KG","img":"https://fd8-photos.leclercdrive.fr/image.ashx?id=2811038&use=l&cat=p&typeid=i","cat":284415},{"id":168995,"n":"Yaourt brassé Perle de Lait Vanille - 4x125g","p":2.09,"u":"4,18 €/KG","img":"https://fd8-photos.leclercdrive.fr/image.ashx?id=2939715&use=l&cat=p&typeid=i","cat":314999},{"id":168996,"n":"Yaourt brassé Perle de Lait Nature - 6x125g","p":2.48,"u":"3,31 €/KG","img":"https://fd8-photos.leclercdrive.fr/image.ashx?id=2994199&use=l&cat=p&typeid=i","cat":314999},{"id":169006,"n":"Cocktail de fruits de mer Eco+ Précuit - 500g","p":3.77,"u":"7,54 €/KG","img":"https://fd8-photos.leclercdrive.fr/image.ashx?id=2529525&use=l&cat=p&typeid=i","cat":319787},{"id":169026,"n":"Pané de colin d'Alaska Eco+ x5 - 800g","p":4.49,"u":"5,61 €/KG","img":"https://fd8-photos.leclercdrive.fr/image.ashx?id=2529747&use=l&cat=p&typeid=i","cat":319788},{"id":169057,"n":"Pizza Margherita Eco+ x3 - 900g","p":2.62,"u":"2,91 €/KG","img":"https://fd8-photos.leclercdrive.fr/image.ashx?id=2781176&use=l&cat=p&typeid=i","cat":284256},{"id":169065,"n":"Crémeux à tartiner Violife A l'huile de noix de coco -150g","p":1.96,"u":"13,07 €/KG","img":"https://fd8-photos.leclercdrive.fr/image.ashx?id=2937829&use=l&cat=p&typeid=i","cat":316070},{"id":169069,"n":"Tranches saveur Emmental  Violife 100% végan - 200g","p":2.69,"u":"13,45 €/KG","img":"https://fd8-photos.leclercdrive.fr/image.ashx?id=2687089&use=l&cat=p&typeid=i","cat":316070},{"id":169189,"n":"Dessert Materne Gourdes  Végétal Vanille - 4x85g","p":1.65,"u":"4,85 €/KG","img":"https://fd8-photos.leclercdrive.fr/image.ashx?id=2563235&use=l&cat=p&typeid=i","cat":284506},{"id":169190,"n":"Dessert Materne Gourdes  Végétal Chocolat - 4x85g","p":1.65,"u":"4,85 €/KG","img":"https://fd8-photos.leclercdrive.fr/image.ashx?id=2563232&use=l&cat=p&typeid=i","cat":284506},{"id":169297,"n":"Soupe Velouté de Poireaux Knorr - 1L","p":2.2,"u":"2,20 €/L","img":"https://fd8-photos.leclercdrive.fr/image.ashx?id=2395814&use=l&cat=p&typeid=i","cat":284462},{"id":169298,"n":"Velouté Carottes Française Knorr - 1L","p":2.2,"u":"2,20 €/L","img":"https://fd8-photos.leclercdrive.fr/image.ashx?id=2395811&use=l&cat=p&typeid=i","cat":284463},{"id":169342,"n":"Lardons fumés Herta 200g","p":2.39,"u":"11,95 €/KG","img":"https://fd8-photos.leclercdrive.fr/image.ashx?id=2939307&use=l&cat=p&typeid=i","cat":316011},{"id":169344,"n":"Lardons fumés Herta Sans nitrite - 2x75g","p":1.87,"u":"12,47 €/KG","img":"https://fd8-photos.leclercdrive.fr/image.ashx?id=2731369&use=l&cat=p&typeid=i","cat":316011},{"id":169345,"n":"Lardons nature Herta 200g","p":2.39,"u":"11,95 €/KG","img":"https://fd8-photos.leclercdrive.fr/image.ashx?id=2731357&use=l&cat=p&typeid=i","cat":316011},{"id":169346,"n":"Allumettes fumées Herta Sans nitrite - 2x75g","p":1.95,"u":"13,00 €/KG","img":"https://fd8-photos.leclercdrive.fr/image.ashx?id=2868903&use=l&cat=p&typeid=i","cat":316011},{"id":169347,"n":"Allumettes nature Herta Sans nitrite - 2x75g","p":1.99,"u":"13,27 €/KG","img":"https://fd8-photos.leclercdrive.fr/image.ashx?id=2868906&use=l&cat=p&typeid=i","cat":316011},{"id":169349,"n":"Lardons fumés Herta -25% sel - 150g","p":1.95,"u":"13,00 €/KG","img":"https://fd8-photos.leclercdrive.fr/image.ashx?id=2731360&use=l&cat=p&typeid=i","cat":316011},{"id":169351,"n":"Allumettes fumées Herta 200g","p":2.15,"u":"10,75 €/KG","img":"https://fd8-photos.leclercdrive.fr/image.ashx?id=2817458&use=l&cat=p&typeid=i","cat":316011},{"id":169353,"n":"Pâte feuilletée Herta Tarte en Or - 230g","p":0.99,"u":"4,30 €/KG","img":"https://fd8-photos.leclercdrive.fr/image.ashx?id=2918658&use=l&cat=p&typeid=i","cat":333681},{"id":169354,"n":"Pâte brisée Herta Tarte en Or - 230g","p":1.15,"u":"5,00 €/KG","img":"https://fd8-photos.leclercdrive.fr/image.ashx?id=2739189&use=l&cat=p&typeid=i","cat":333681},{"id":169365,"n":"Pâte feuilletée rectangulaire  Herta Tarte en Or - 230g","p":1.59,"u":"6,91 €/KG","img":"https://fd8-photos.leclercdrive.fr/image.ashx?id=2721697&use=l&cat=p&typeid=i","cat":333681},{"id":169429,"n":"Tendres Effilés en Gelée Felix Selection poissons 12x85g","p":5.39,"u":"5,28 €/KG","img":"https://fd8-photos.leclercdrive.fr/image.ashx?id=2995439&use=l&cat=p&typeid=i","cat":285286},{"id":169430,"n":"Tendres Effilés en Gelée Felix Selection campagne 12x85g","p":5.29,"u":"5,19 €/KG","img":"https://fd8-photos.leclercdrive.fr/image.ashx?id=2957668&use=l&cat=p&typeid=i","cat":285286},{"id":169432,"n":"Tendres Effilés en Gelée Felix Selection mixte - 24x85g","p":9.27,"u":"4,54 €/KG","img":"https://fd8-photos.leclercdrive.fr/image.ashx?id=2869651&use=l&cat=p&typeid=i","cat":285286},{"id":169435,"n":"Délicieux Duos en Gelée Felix Selection mixte 24x85g","p":10.06,"u":"4,93 €/KG","img":"https://fd8-photos.leclercdrive.fr/image.ashx?id=2861779&use=l&cat=p&typeid=i","cat":285286},{"id":169436,"n":"Tendres Effilés en Gelée Felix Selection Mixte - 24x85g","p":9.97,"u":"4,89 €/KG","img":"https://fd8-photos.leclercdrive.fr/image.ashx?id=2957677&use=l&cat=p&typeid=i","cat":285286},{"id":169438,"n":"Délicieux Duos en Gelée Felix Sélection mixte - 24x85g","p":10.65,"u":"5,22 €/KG","img":"https://fd8-photos.leclercdrive.fr/image.ashx?id=2972074&use=l&cat=p&typeid=i","cat":285286},{"id":169440,"n":"Shampooing bio N.A.E. Eclat couleur - 500ml","p":6.89,"u":"13,78 €/L","img":"https://fd8-photos.leclercdrive.fr/image.ashx?id=2239486&use=l&cat=p&typeid=i","cat":284606},{"id":169443,"n":"Tendres Effilés Gelée 44x85g","p":17.95,"u":"4,80 €/KG","img":"https://fd8-photos.leclercdrive.fr/image.ashx?id=2957674&use=l&cat=p&typeid=i","cat":285286},{"id":169445,"n":"Duos en gelée Felix Selection campagne - 44x85g","p":17.99,"u":"4,81 €/KG","img":"https://fd8-photos.leclercdrive.fr/image.ashx?id=2976857&use=l&cat=p&typeid=i","cat":285286},{"id":169447,"n":"Emincés En Gelée Felix Selection mixte - 12x85g","p":3.24,"u":"3,18 €/KG","img":"https://fd8-photos.leclercdrive.fr/image.ashx?id=2869657&use=l&cat=p&typeid=i","cat":285286},{"id":169448,"n":"Emincés En Gelée  Felix Volaille légumes - 12x85g","p":4.25,"u":"4,17 €/KG","img":"https://fd8-photos.leclercdrive.fr/image.ashx?id=2909212&use=l&cat=p&typeid=i","cat":285286},{"id":169454,"n":"FELIX Sensations En Gelée Felix Selection de la campagne 12x85g","p":5.42,"u":"5,31 €/KG","img":"https://fd8-photos.leclercdrive.fr/image.ashx?id=2986909&use=l&cat=p&typeid=i","cat":285286},{"id":169455,"n":"Sensations en gelée Felix 12x85g","p":5.53,"u":"5,42 €/KG","img":"https://fd8-photos.leclercdrive.fr/image.ashx?id=2957278&use=l&cat=p&typeid=i","cat":285286},{"id":169457,"n":"Sensation en gelée Felix Sélection mixte - 24x85g","p":9.85,"u":"4,83 €/KG","img":"https://fd8-photos.leclercdrive.fr/image.ashx?id=2378435&use=l&cat=p&typeid=i","cat":285286},{"id":169572,"n":"Gourdes de fruits Good Goût Bio Dès 4 mois - 4x120g","p":6.08,"u":"12,67 €/KG","img":"https://fd8-photos.leclercdrive.fr/image.ashx?id=2640698&use=l&cat=p&typeid=i","cat":312387},{"id":169575,"n":"Bière artisanale Markus blanche 33cl","p":2.61,"u":"7,91 €/L","img":"https://fd8-photos.leclercdrive.fr/image.ashx?id=2813486&use=l&cat=p&typeid=i","cat":334872},{"id":169576,"n":"Bière artisanale Markus blonde 33cl","p":2.03,"u":"6,15 €/L","img":"https://fd8-photos.leclercdrive.fr/image.ashx?id=2807741&use=l&cat=p&typeid=i","cat":334872},{"id":169577,"n":"Bière artisanale Markus ambrée 33cl","p":2.55,"u":"7,73 €/L","img":"https://fd8-photos.leclercdrive.fr/image.ashx?id=2814127&use=l&cat=p&typeid=i","cat":334872},{"id":169578,"n":"Bière artisanale Markus brune 33cl","p":2.63,"u":"7,97 €/L","img":"https://fd8-photos.leclercdrive.fr/image.ashx?id=2814130&use=l&cat=p&typeid=i","cat":334872},{"id":169988,"n":"Bière artisanale Markus Triple 33cl","p":2.6,"u":"7,88 €/L","img":"https://fd8-photos.leclercdrive.fr/image.ashx?id=2811455&use=l&cat=p&typeid=i","cat":334872},{"id":169989,"n":"Bière artisanale Markus IPA 33cl","p":2.64,"u":"8,00 €/L","img":"https://fd8-photos.leclercdrive.fr/image.ashx?id=2812930&use=l&cat=p&typeid=i","cat":334872},{"id":170000,"n":"Bière artisanale Markus Blanche 75cl","p":5.35,"u":"7,13 €/L","img":"https://fd8-photos.leclercdrive.fr/image.ashx?id=2813483&use=l&cat=p&typeid=i","cat":334872},{"id":170002,"n":"Bière artisanale Markus Blonde 75cl","p":4.37,"u":"5,83 €/L","img":"https://fd8-photos.leclercdrive.fr/image.ashx?id=2814121&use=l&cat=p&typeid=i","cat":334872},{"id":170003,"n":"Bière artisanale Markus Ambrée 75cl","p":4.38,"u":"5,84 €/L","img":"https://fd8-photos.leclercdrive.fr/image.ashx?id=2811443&use=l&cat=p&typeid=i","cat":334872},{"id":170005,"n":"Bière artisanale Markus Brune 75cl","p":5.46,"u":"7,28 €/L","img":"https://fd8-photos.leclercdrive.fr/image.ashx?id=2814124&use=l&cat=p&typeid=i","cat":334872},{"id":170007,"n":"Bière artisanale Markus Triple 75cl","p":6.11,"u":"8,15 €/L","img":"https://fd8-photos.leclercdrive.fr/image.ashx?id=2814136&use=l&cat=p&typeid=i","cat":334872},{"id":170008,"n":"Bière artisanale Markus IPA 75cl","p":5.78,"u":"7,71 €/L","img":"https://fd8-photos.leclercdrive.fr/image.ashx?id=2814133&use=l&cat=p&typeid=i","cat":334872},{"id":170075,"n":"Pâte à tartiner Milka 740g","p":5.96,"u":"8,05 €/KG","img":"https://fd8-photos.leclercdrive.fr/image.ashx?id=2828712&use=l&cat=p&typeid=i","cat":284481},{"id":170434,"n":"Matelote de thon D'Aucy Petits légumes 300g","p":3.09,"u":"10,30 €/KG","img":"https://fd8-photos.leclercdrive.fr/image.ashx?id=2247538&use=l&cat=p&typeid=i","cat":284953},{"id":170561,"n":"Friandises chien Tous mes Amis Sticks au Boeuf - 3x11g","p":0.5,"u":"15,15 €/KG","img":"https://fd8-photos.leclercdrive.fr/image.ashx?id=2302265&use=l&cat=p&typeid=i","cat":294527},{"id":170569,"n":"Whisky Single Malt The Deveron 40° - 70cl","p":25.98,"u":"37,11 €/L","img":"https://fd8-photos.leclercdrive.fr/image.ashx?id=2246159&use=l&cat=p&typeid=i","cat":284547},{"id":170678,"n":"AOC Mouton cadet bordeaux 2019 - Magnum- 1.5L","p":30.48,"u":"20,32 €/L","img":"https://fd8-photos.leclercdrive.fr/image.ashx?id=2248030&use=l&cat=p&typeid=i","cat":289556},{"id":170705,"n":"Champagne Charles de Cazanove Demi-sec - 12%vol - 75cl","p":18.9,"u":"25,20 €/L","img":"https://fd8-photos.leclercdrive.fr/image.ashx?id=2248156&use=l&cat=p&typeid=i","cat":284542},{"id":170739,"n":"Champagne Chanoine Réserve privé - 75cl","p":23.71,"u":"31,61 €/L","img":"https://fd8-photos.leclercdrive.fr/image.ashx?id=2249280&use=l&cat=p&typeid=i","cat":284542},{"id":170778,"n":"Bloc de foie gras Jean Larnaudie - 230g","p":20.95,"u":"91,09 €/KG","img":"https://fd8-photos.leclercdrive.fr/image.ashx?id=2915811&use=l&cat=p&typeid=i","cat":316008},{"id":170935,"n":"Rhum Havana Club 3 ans 37,5% vol - 1L","p":21.58,"u":"21,58 €/L","img":"https://fd8-photos.leclercdrive.fr/image.ashx?id=2953992&use=l&cat=p&typeid=i","cat":284550},{"id":170957,"n":"Confiture Douceur du Verger Abricot - 750g","p":2.31,"u":"3,08 €/KG","img":"https://fd8-photos.leclercdrive.fr/image.ashx?id=2965581&use=l&cat=p&typeid=i","cat":284480},{"id":171012,"n":"Café Moulu San Marco Intenso n°9 - 2x250g","p":10.49,"u":"20,98 €/KG","img":"https://fd8-photos.leclercdrive.fr/image.ashx?id=2646044&use=l&cat=p&typeid=i","cat":284750},{"id":171066,"n":"Foie gras de canard  Maison Montfort barquette -190g","p":19.7,"u":"103,68 €/KG","img":"https://fd8-photos.leclercdrive.fr/image.ashx?id=2731033&use=l&cat=p&typeid=i","cat":316008},{"id":171068,"n":"Gel douche So Bio Etic Fleur d'oranger bio - 450ml","p":4.51,"u":"10,02 €/L","img":"https://fd8-photos.leclercdrive.fr/image.ashx?id=2794487&use=l&cat=p&typeid=i","cat":284594},{"id":171070,"n":"Gel douche So Bio Etic Abricot bio - 450ml","p":4.4,"u":"9,78 €/L","img":"https://fd8-photos.leclercdrive.fr/image.ashx?id=2793629&use=l&cat=p&typeid=i","cat":284594},{"id":171089,"n":"IGP Bloc de foie gras   Jean Larnaudie  - 400g","p":38.5,"pp":25.41,"u":"63,52 €/KG","img":"https://fd8-photos.leclercdrive.fr/image.ashx?id=2915790&use=l&cat=p&typeid=i","cat":316008},{"id":171131,"n":"Pétillant D'artigny Sans Alcool - 75cl","p":5.2,"u":"6,93 €/L","img":"https://fd8-photos.leclercdrive.fr/image.ashx?id=2854312&use=l&cat=p&typeid=i","cat":289460},{"id":171187,"n":"Barres glacées Snickers  Caramel & Cacahuètes x12 - 547g","p":5.76,"u":"10,53 €/KG","img":"https://fd8-photos.leclercdrive.fr/image.ashx?id=2295505&use=l&cat=p&typeid=i","cat":284264},{"id":171188,"n":"Glace Barre Glacée Snickers  Caramel & Cacahuètes x6 - 274g","p":3.49,"u":"12,74 €/KG","img":"https://fd8-photos.leclercdrive.fr/image.ashx?id=2295508&use=l&cat=p&typeid=i","cat":284264},{"id":171191,"n":"Barre glacée Mars  Caramel x6 - 240g","p":3.15,"img":"https://fd8-photos.leclercdrive.fr/image.ashx?id=2295924&use=l&cat=p&typeid=i","cat":284264},{"id":171218,"n":"Moussaka au boeuf Marie  Aubergines et tomates - 300g","p":5.38,"u":"17,93 €/KG","img":"https://fd8-photos.leclercdrive.fr/image.ashx?id=2799883&use=l&cat=p&typeid=i","cat":333665},{"id":171252,"n":"Gros sel de Noirmoutier NRT Sachet -1kg","p":1.69,"u":"1,69 €/KG","img":"https://fd8-photos.leclercdrive.fr/image.ashx?id=2644927&use=l&cat=p&typeid=i","cat":284457},{"id":171265,"n":"Bûchettes Smarties  Chocolat Vanille x4 - 228g","p":3.65,"u":"16,01 €/KG","img":"https://fd8-photos.leclercdrive.fr/image.ashx?id=2757325&use=l&cat=p&typeid=i","cat":284266},{"id":171409,"n":"Sac poubelle Elembal 50L - x40","p":5.99,"u":"0,15 €/P","img":"https://fd8-photos.leclercdrive.fr/image.ashx?id=2793311&use=l&cat=p&typeid=i","cat":285168},{"id":171719,"n":"Lessive Epsil Perfect Tri-Doses Fleurie x20 - 490ml","p":4.49,"u":"9,16 €/L","img":"https://fd8-photos.leclercdrive.fr/image.ashx?id=2450119&use=l&cat=p&typeid=i","cat":284641},{"id":171836,"n":"Céréales Trésor Kellogg's Chocolat au lait - 620g","p":4.39,"u":"7,08 €/KG","img":"https://fd8-photos.leclercdrive.fr/image.ashx?id=2598334&use=l&cat=p&typeid=i","cat":309513},{"id":171839,"n":"Yaourts Light & Free Aux fruits rouges 0% - 8x125g","p":3.05,"u":"3,05 €/KG","img":"https://fd8-photos.leclercdrive.fr/image.ashx?id=3008014&use=l&cat=p&typeid=i","cat":315000},{"id":172576,"n":"AOC Champagne Brut Charles de Cazanove 75cl","p":23.89,"u":"31,85 €/L","img":"https://fd8-photos.leclercdrive.fr/image.ashx?id=2456249&use=l&cat=p&typeid=i","cat":284542},{"id":172577,"n":"AOC Champagne Demi-Sec Charles de Cazanove 75cl","p":22.9,"u":"30,53 €/L","img":"https://fd8-photos.leclercdrive.fr/image.ashx?id=2455936&use=l&cat=p&typeid=i","cat":284542},{"id":172588,"n":"Fromage blanc 0%MG Light & Free Nature - 8x100g","p":3.09,"u":"3,86 €/KG","img":"https://fd8-photos.leclercdrive.fr/image.ashx?id=3008008&use=l&cat=p&typeid=i","cat":315000},{"id":172649,"n":"Papier toilette Renova Progress - x40","p":9.97,"u":"0,25 €/P","img":"https://fd8-photos.leclercdrive.fr/image.ashx?id=2279894&use=l&cat=p&typeid=i","cat":284634},{"id":172651,"n":"Essuie-tout Renova Active Absorption - x16","p":9.6,"u":"0,60 €/P","img":"https://fd8-photos.leclercdrive.fr/image.ashx?id=2260120&use=l&cat=p&typeid=i","cat":284635},{"id":172723,"n":"Eau aromatisée San Pellegrino Aranciata rossa - 6x33cl","p":4.12,"u":"2,08 €/L","img":"https://fd8-photos.leclercdrive.fr/image.ashx?id=2866109&use=l&cat=p&typeid=i","cat":284536},{"id":172724,"n":"Eau aromatisée San Pellegrino Aranciata - 6x33cl","p":3.96,"u":"2,00 €/L","img":"https://fd8-photos.leclercdrive.fr/image.ashx?id=2802731&use=l&cat=p&typeid=i","cat":284536},{"id":172725,"n":"Eau aromatisée San Pellegrino Limonata - 6x33cl","p":4.02,"u":"2,03 €/L","img":"https://fd8-photos.leclercdrive.fr/image.ashx?id=2525816&use=l&cat=p&typeid=i","cat":284536},{"id":172727,"n":"Eau aromatisée San Pellegrino Melograno e arancia - 6x33cl","p":4.32,"u":"2,18 €/L","img":"https://fd8-photos.leclercdrive.fr/image.ashx?id=2551555&use=l&cat=p&typeid=i","cat":284536},{"id":172731,"n":"Tablette chocolat Milka Chocolat au lait - 3x100g","p":4.85,"u":"16,17 €/KG","img":"https://fd8-photos.leclercdrive.fr/image.ashx?id=3009137&use=l&cat=p&typeid=i","cat":284497},{"id":172828,"n":"Yaourt à boire protéiné Hipro  Coco 0%mg - 300g","p":1.91,"u":"6,37 €/KG","img":"https://fd8-photos.leclercdrive.fr/image.ashx?id=2865617&use=l&cat=p&typeid=i","cat":315000},{"id":172829,"n":"Yaourt à boire protéiné Hipro  Mangue 0%mg - 300g","p":2.15,"u":"7,17 €/KG","img":"https://fd8-photos.leclercdrive.fr/image.ashx?id=2807432&use=l&cat=p&typeid=i","cat":315000},{"id":172977,"n":"Serviettes Hygiéniques Always Platinum Secure Night T4 - x14","p":4.26,"u":"0,30 €/P","img":"https://fd8-photos.leclercdrive.fr/image.ashx?id=2884111&use=l&cat=p&typeid=i","cat":284624},{"id":173065,"n":"Rhum Original \"Bumbu\" - 40% - 70cl","p":38.5,"u":"55,00 €/L","img":"https://fd8-photos.leclercdrive.fr/image.ashx?id=2307116&use=l&cat=p&typeid=i","cat":284550},{"id":173240,"n":"Caviar d'aubergines  Les Tartinables Florelli 190g","p":1.85,"u":"9,74 €/KG","img":"https://fd8-photos.leclercdrive.fr/image.ashx?id=2902786&use=l&cat=p&typeid=i","cat":289010},{"id":173243,"n":"Paté épicé Hénaff 3x76g","p":3.0,"u":"13,16 €/KG","img":"https://fd8-photos.leclercdrive.fr/image.ashx?id=2407631&use=l&cat=p&typeid=i","cat":305149},{"id":173326,"n":"Soupe liquide Liebig  Poissons - 2x30cl","p":2.95,"u":"4,92 €/L","img":"https://fd8-photos.leclercdrive.fr/image.ashx?id=2604452&use=l&cat=p&typeid=i","cat":287366},{"id":173329,"n":"Soupe liquide Liebig  Poissons - Brique 1L","p":2.66,"u":"2,66 €/L","img":"https://fd8-photos.leclercdrive.fr/image.ashx?id=2647468&use=l&cat=p&typeid=i","cat":287366},{"id":173332,"n":"Soupe liquide Liebig poireaux Saint jacques - Brique 1L","p":3.56,"u":"3,56 €/L","img":"https://fd8-photos.leclercdrive.fr/image.ashx?id=2472195&use=l&cat=p&typeid=i","cat":284462},{"id":173333,"n":"Soupe liquide Liebig  Poireaux saint jacques - 2x30cl","p":3.1,"u":"5,17 €/L","img":"https://fd8-photos.leclercdrive.fr/image.ashx?id=2472198&use=l&cat=p&typeid=i","cat":284462},{"id":173442,"n":"Beurre doux Tendrissime Président - 225g","p":3.19,"u":"14,18 €/KG","img":"https://fd8-photos.leclercdrive.fr/image.ashx?id=2657415&use=l&cat=p&typeid=i","cat":284379},{"id":173443,"n":"Beurre demi-sel Tendrissime Président - 225g","p":2.74,"u":"12,18 €/KG","img":"https://fd8-photos.leclercdrive.fr/image.ashx?id=2887677&use=l&cat=p&typeid=i","cat":284379},{"id":173448,"n":"Cacahuètes Curly Sweety Caramélisées - 150g","p":1.29,"u":"8,60 €/KG","img":"https://fd8-photos.leclercdrive.fr/image.ashx?id=2599233&use=l&cat=p&typeid=i","cat":284449},{"id":173559,"n":"Black Spiced Rivière du Mât 35%vol. - 70cl","p":19.39,"u":"27,70 €/L","img":"https://fd8-photos.leclercdrive.fr/image.ashx?id=2731303&use=l&cat=p&typeid=i","cat":284551},{"id":174145,"n":"Confiture Douceur du Verger Cerises - 370 g","p":1.27,"u":"3,43 €/KG","img":"https://fd8-photos.leclercdrive.fr/image.ashx?id=2965599&use=l&cat=p&typeid=i","cat":284480},{"id":174146,"n":"Marmelade oranges Douceur du Verger - 370 g","p":1.17,"u":"3,16 €/KG","img":"https://fd8-photos.leclercdrive.fr/image.ashx?id=2965596&use=l&cat=p&typeid=i","cat":284480},{"id":174147,"n":"Confiture Douceur du Verger Châtaignes/vanille - 370g","p":1.75,"u":"4,73 €/KG","img":"https://fd8-photos.leclercdrive.fr/image.ashx?id=2965593&use=l&cat=p&typeid=i","cat":284480},{"id":174148,"n":"Confiture Douceur du Verger Pêches - 370 g","p":1.6,"u":"4,32 €/KG","img":"https://fd8-photos.leclercdrive.fr/image.ashx?id=2965602&use=l&cat=p&typeid=i","cat":284480},{"id":174149,"n":"Confiture Douceur du Verger Fraises - 370 g","p":1.12,"u":"3,03 €/KG","img":"https://fd8-photos.leclercdrive.fr/image.ashx?id=2965539&use=l&cat=p&typeid=i","cat":284480},{"id":174150,"n":"Confiture Douceur du Verger Framboises - 370 g","p":1.99,"u":"5,38 €/KG","img":"https://fd8-photos.leclercdrive.fr/image.ashx?id=2965575&use=l&cat=p&typeid=i","cat":284480},{"id":174151,"n":"Confiture Douceur du Verger 4 fruits rouges - 370 g","p":1.18,"u":"3,19 €/KG","img":"https://fd8-photos.leclercdrive.fr/image.ashx?id=2965551&use=l&cat=p&typeid=i","cat":284480},{"id":174152,"n":"Sauce Tomate Provençale Panzani - 210G","p":1.45,"u":"6,90 €/KG","img":"https://fd8-photos.leclercdrive.fr/image.ashx?id=2880691&use=l&cat=p&typeid=i","cat":299047},{"id":174153,"n":"Sauce tomates cuisinées Panzani 210g","p":1.03,"u":"4,90 €/KG","img":"https://fd8-photos.leclercdrive.fr/image.ashx?id=2880688&use=l&cat=p&typeid=i","cat":299047},{"id":174154,"n":"Sauce Tomate Basilic Panzani - 210G","p":1.39,"u":"6,62 €/KG","img":"https://fd8-photos.leclercdrive.fr/image.ashx?id=2881290&use=l&cat=p&typeid=i","cat":288384},{"id":174155,"n":"Sauce tomate Panzani Provençale - 425g","p":1.43,"u":"3,36 €/KG","img":"https://fd8-photos.leclercdrive.fr/image.ashx?id=2742866&use=l&cat=p&typeid=i","cat":288384},{"id":174156,"n":"Sauce tomates cuisinées Panzani 425g","p":2.04,"u":"4,80 €/KG","img":"https://fd8-photos.leclercdrive.fr/image.ashx?id=2977276&use=l&cat=p&typeid=i","cat":288384},{"id":174157,"n":"Sauce Tomate Basilic Panzani - 400G","p":2.14,"u":"5,35 €/KG","img":"https://fd8-photos.leclercdrive.fr/image.ashx?id=2968088&use=l&cat=p&typeid=i","cat":288384},{"id":174158,"n":"Sauce Tomate Provençale Panzani - 650G","p":2.03,"u":"3,12 €/KG","img":"https://fd8-photos.leclercdrive.fr/image.ashx?id=2977942&use=l&cat=p&typeid=i","cat":299047},{"id":174159,"n":"Sauce Tomate Basilic Panzani - 650G","p":2.39,"u":"3,68 €/KG","img":"https://fd8-photos.leclercdrive.fr/image.ashx?id=2977945&use=l&cat=p&typeid=i","cat":288384},{"id":174160,"n":"Sauce tomates fraîches Panzani 3x190g","p":2.75,"u":"4,82 €/KG","img":"https://fd8-photos.leclercdrive.fr/image.ashx?id=2835274&use=l&cat=p&typeid=i","cat":288384},{"id":174189,"n":"Beignets de calamar Eco+ 500g","p":2.46,"u":"4,92 €/KG","img":"https://fd8-photos.leclercdrive.fr/image.ashx?id=2690955&use=l&cat=p&typeid=i","cat":319788},{"id":174204,"n":"Margarine Oméga 3 Fruit d'Or Sans huile de palme - 225g","p":2.12,"u":"9,42 €/KG","img":"https://fd8-photos.leclercdrive.fr/image.ashx?id=2887332&use=l&cat=p&typeid=i","cat":315229},{"id":174398,"n":"Eponges grattantes Eco + x6","p":0.96,"u":"0,16 €/P","img":"https://fd8-photos.leclercdrive.fr/image.ashx?id=2761295&use=l&cat=p&typeid=i","cat":284667},{"id":174476,"n":"Brownies Saint Michel Chocolat blanc 240g","p":3.11,"u":"12,96 €/KG","img":"https://fd8-photos.leclercdrive.fr/image.ashx?id=2949949&use=l&cat=p&typeid=i","cat":294776},{"id":174477,"n":"Brownies Saint Michel Chocolat blanc pocket x8 - 240g","p":2.08,"u":"8,67 €/KG","img":"https://fd8-photos.leclercdrive.fr/image.ashx?id=2949952&use=l&cat=p&typeid=i","cat":294776},{"id":174517,"n":"Pur jus multifruits Jafaden 90cl","p":1.7,"u":"1,89 €/L","img":"https://fd8-photos.leclercdrive.fr/image.ashx?id=2723153&use=l&cat=p&typeid=i","cat":285435},{"id":174565,"n":"Fruits au sirop St Mamet Pêche Poire Ananas - 475g","p":2.8,"u":"5,89 €/KG","img":"https://fd8-photos.leclercdrive.fr/image.ashx?id=2412438&use=l&cat=p&typeid=i","cat":284507},{"id":174568,"n":"Feutre de coloriage Pointe fine Bic Intensity  x24","p":8.45,"u":"0,35 €/P","img":"https://fd8-photos.leclercdrive.fr/image.ashx?id=2272262&use=l&cat=p&typeid=i","cat":284696},{"id":174574,"n":"Crayon de couleur  Bic Intensity x12","p":4.85,"u":"0,40 €/P","img":"https://fd8-photos.leclercdrive.fr/image.ashx?id=2272268&use=l&cat=p&typeid=i","cat":284696},{"id":174577,"n":"Crayon de couleur Mine douce Bic Intensity x24","p":9.49,"u":"0,40 €/P","img":"https://fd8-photos.leclercdrive.fr/image.ashx?id=2470896&use=l&cat=p&typeid=i","cat":284696},{"id":174582,"n":"Feutre de coloriage Pointe  Incurvée Bic Intensity x12","p":6.95,"u":"0,58 €/P","img":"https://fd8-photos.leclercdrive.fr/image.ashx?id=2272274&use=l&cat=p&typeid=i","cat":284696},{"id":174583,"n":"Feutre de coloriage Pointe Incurvée Bic Intensity x24","p":14.15,"u":"0,59 €/P","img":"https://fd8-photos.leclercdrive.fr/image.ashx?id=2272277&use=l&cat=p&typeid=i","cat":284696},{"id":174593,"n":"Feutre de coloriage Pointe fine Bic Intensity x12","p":4.35,"u":"0,36 €/P","img":"https://fd8-photos.leclercdrive.fr/image.ashx?id=2272259&use=l&cat=p&typeid=i","cat":284696},{"id":174596,"n":"Dossiers Kraft Lot de 5","p":5.99,"img":"https://fd8-photos.leclercdrive.fr/image.ashx?id=2558286&use=l&cat=p&typeid=i","cat":284745},{"id":174597,"n":"Stylos-feutres fins Stabilo x20","p":15.31,"img":"https://fd8-photos.leclercdrive.fr/image.ashx?id=2836622&use=l&cat=p&typeid=i","cat":284696},{"id":174603,"n":"Post-it® Super Sticky 76x76 mm - 90 feuilles x6","p":14.02,"img":"https://fd8-photos.leclercdrive.fr/image.ashx?id=2272211&use=l&cat=p&typeid=i","cat":334133},{"id":174604,"n":"Post-it® Super Sticky 76x76 mm - 90 feuilles x6","p":9.88,"img":"https://fd8-photos.leclercdrive.fr/image.ashx?id=2559996&use=l&cat=p&typeid=i","cat":334133},{"id":174680,"n":"La Cancoillotte au vin Savagnin Le Francomtois - 250g","p":2.6,"u":"10,40 €/KG","img":"https://fd8-photos.leclercdrive.fr/image.ashx?id=2529309&use=l&cat=p&typeid=i","cat":314037},{"id":174705,"n":"Nettoyant vitres pistolet Ajax Cristal - 750 ml","p":2.1,"u":"2,80 €/L","img":"https://fd8-photos.leclercdrive.fr/image.ashx?id=2512411&use=l&cat=p&typeid=i","cat":325363},{"id":174709,"n":"Confiture Douceur du Verger 4 fruits rouges - 750 g","p":2.39,"u":"3,19 €/KG","img":"https://fd8-photos.leclercdrive.fr/image.ashx?id=2965557&use=l&cat=p&typeid=i","cat":284480},{"id":174710,"n":"Confiture Douceur du Verger Mirabelles - 370g","p":1.64,"u":"4,43 €/KG","img":"https://fd8-photos.leclercdrive.fr/image.ashx?id=2965560&use=l&cat=p&typeid=i","cat":284480},{"id":174712,"n":"Confiture Douceur du Verger Figues - 370g","p":1.58,"u":"4,27 €/KG","img":"https://fd8-photos.leclercdrive.fr/image.ashx?id=2965587&use=l&cat=p&typeid=i","cat":284480},{"id":174714,"n":"Confiture Douceur du Verger Mûres - 370g","p":1.99,"u":"5,38 €/KG","img":"https://fd8-photos.leclercdrive.fr/image.ashx?id=2970587&use=l&cat=p&typeid=i","cat":284480},{"id":174781,"n":"Gel douche Le Chat Extrait de coton - 300ml","p":3.7,"u":"12,33 €/L","img":"https://fd8-photos.leclercdrive.fr/image.ashx?id=2438402&use=l&cat=p&typeid=i","cat":284594},{"id":174782,"n":"Gel douche Le Chat Extrait aloe vera - 300ml","p":3.42,"u":"11,40 €/L","img":"https://fd8-photos.leclercdrive.fr/image.ashx?id=2450745&use=l&cat=p&typeid=i","cat":284594},{"id":174783,"n":"Gel douche Le Chat Savon de Marseille - 300ml","p":3.57,"u":"11,90 €/L","img":"https://fd8-photos.leclercdrive.fr/image.ashx?id=2438405&use=l&cat=p&typeid=i","cat":284594},{"id":174784,"n":"Gel douche Le Chat Extrait d'hamamélis - 300ml","p":3.69,"u":"12,30 €/L","img":"https://fd8-photos.leclercdrive.fr/image.ashx?id=2450742&use=l&cat=p&typeid=i","cat":284594},{"id":174815,"n":"Confiture Douceur du Verger Myrtilles - 370g","p":1.72,"u":"4,65 €/KG","img":"https://fd8-photos.leclercdrive.fr/image.ashx?id=2965590&use=l&cat=p&typeid=i","cat":284480},{"id":174816,"n":"Confiture Douceur du Verger Rhubarbe - 370g","p":1.69,"u":"4,57 €/KG","img":"https://fd8-photos.leclercdrive.fr/image.ashx?id=2965584&use=l&cat=p&typeid=i","cat":284480},{"id":174817,"n":"Gelée Douceur du Verger Mûres - 370g","p":1.99,"u":"5,38 €/KG","img":"https://fd8-photos.leclercdrive.fr/image.ashx?id=2965578&use=l&cat=p&typeid=i","cat":284480},{"id":174833,"n":"Chipolatas x6 Soutenons Nos Agriculteurs 330g","p":4.5,"u":"13,64 €/KG","img":"https://fd8-photos.leclercdrive.fr/image.ashx?id=2716018&use=l&cat=p&typeid=i","cat":284334},{"id":174835,"n":"Chipolatas aux herbes x6 Soutenons Nos Agriculteurs 330g","p":4.1,"u":"12,42 €/KG","img":"https://fd8-photos.leclercdrive.fr/image.ashx?id=2835235&use=l&cat=p&typeid=i","cat":284334},{"id":174875,"n":"Gelée douceur du Verger Groseilles - 370g","p":1.29,"u":"3,49 €/KG","img":"https://fd8-photos.leclercdrive.fr/image.ashx?id=2965563&use=l&cat=p&typeid=i","cat":284480},{"id":174876,"n":"Gelée Douceur du Verger Coing - 370g","p":1.29,"u":"3,49 €/KG","img":"https://fd8-photos.leclercdrive.fr/image.ashx?id=2965566&use=l&cat=p&typeid=i","cat":284480},{"id":174881,"n":"Carottes râpées Bonduelle Au Citron de Sicile - 320g","p":1.45,"u":"4,53 €/KG","img":"https://fd8-photos.leclercdrive.fr/image.ashx?id=2894194&use=l&cat=p&typeid=i","cat":333657},{"id":174884,"n":"Céleri remoulade Bonduelle Au Fromage blanc - 320g","p":1.79,"u":"5,59 €/KG","img":"https://fd8-photos.leclercdrive.fr/image.ashx?id=2904709&use=l&cat=p&typeid=i","cat":333657},{"id":174927,"n":"Viande hachée 15% MG Soutenons Nos Agriculteurs 300g","p":5.59,"u":"18,63 €/KG","img":"https://fd8-photos.leclercdrive.fr/image.ashx?id=2459421&use=l&cat=p&typeid=i","cat":284332},{"id":174931,"n":"Steak haché façon bouchère x4 Soutenons Nos Agriculteurs 400g","p":6.39,"u":"15,98 €/KG","img":"https://fd8-photos.leclercdrive.fr/image.ashx?id=2968070&use=l&cat=p&typeid=i","cat":319778},{"id":174939,"n":"Sacs-poubelle recyclés Alfapac à lien large 160L - x10","p":7.4,"u":"0,74 €/P","img":"https://fd8-photos.leclercdrive.fr/image.ashx?id=2509415&use=l&cat=p&typeid=i","cat":285168},{"id":174954,"n":"Crème liquide UHT 3x20cl Soutenons Nos Agriculteurs","p":3.49,"u":"5,82 €/L","img":"https://fd8-photos.leclercdrive.fr/image.ashx?id=2291414&use=l&cat=p&typeid=i","cat":284381},{"id":175040,"n":"Soin hydratant Aloe Vera BIO  Le Petit Marseillais - 400ml","p":4.34,"u":"10,85 €/L","img":"https://fd8-photos.leclercdrive.fr/image.ashx?id=2280711&use=l&cat=p&typeid=i","cat":325350},{"id":175098,"n":"Tartines croustillantes Wasa Sésame - 250g","p":2.61,"u":"10,44 €/KG","img":"https://fd8-photos.leclercdrive.fr/image.ashx?id=3011860&use=l&cat=p&typeid=i","cat":284479},{"id":175122,"n":"Crème Douche Nourrissante Cadum Surgras Coco - 750ml","p":4.05,"u":"5,40 €/L","img":"https://fd8-photos.leclercdrive.fr/image.ashx?id=2393284&use=l&cat=p&typeid=i","cat":284594},{"id":175125,"n":"Sauce Deluxe AMORA 250ml","p":1.5,"u":"6,00 €/L","img":"https://fd8-photos.leclercdrive.fr/image.ashx?id=3009266&use=l&cat=p&typeid=i","cat":318431},{"id":175419,"n":"Citrons jaunes non traités Panier du Primeur Sachet x4","p":1.89,"u":"0,47 €/P","img":"https://fd8-photos.leclercdrive.fr/image.ashx?id=2930906&use=l&cat=p&typeid=i","cat":284356},{"id":175420,"n":"Citron à jus Filière Panier du Primeur Sachet 1kg","p":1.89,"u":"1,89 €/KG","img":"https://fd8-photos.leclercdrive.fr/image.ashx?id=2627667&use=l&cat=p&typeid=i","cat":284356},{"id":175423,"n":"Mandarines Panier du Primeur Filet 1.5kg","p":3.99,"u":"2,66 €/KG","img":"https://fd8-photos.leclercdrive.fr/image.ashx?id=2922433&use=l&cat=p&typeid=i","cat":284356},{"id":175449,"n":"Tablette FERRERO ROCHER Blanc Noisettes - 90g","p":1.89,"u":"21,00 €/KG","img":"https://fd8-photos.leclercdrive.fr/image.ashx?id=3001515&use=l&cat=p&typeid=i","cat":284957},{"id":175556,"n":"Gel Douche Le Petit Marseillais  Haute tolerance amandier-400ml","p":2.3,"u":"5,75 €/L","img":"https://fd8-photos.leclercdrive.fr/image.ashx?id=2685174&use=l&cat=p&typeid=i","cat":284594},{"id":175557,"n":"Crème Visage Jour Nivea Matifiante Peaux Mixtes - 50ml","p":5.45,"u":"109,00 €/L","img":"https://fd8-photos.leclercdrive.fr/image.ashx?id=2659139&use=l&cat=p&typeid=i","cat":325345},{"id":175560,"n":"Sérum nutrition Vitanove 100ml","p":3.99,"u":"39,90 €/L","img":"https://fd8-photos.leclercdrive.fr/image.ashx?id=2691441&use=l&cat=p&typeid=i","cat":284608},{"id":175564,"n":"Gel Douche Le Petit Marseillais  Haute tolerance aloevera 400ml","p":2.32,"u":"5,80 €/L","img":"https://fd8-photos.leclercdrive.fr/image.ashx?id=2677429&use=l&cat=p&typeid=i","cat":284594},{"id":175572,"n":"Thé noir Earl Grey Bio Village Bio - x20 - 36g","p":1.09,"u":"30,28 €/KG","img":"https://fd8-photos.leclercdrive.fr/image.ashx?id=2897913&use=l&cat=p&typeid=i","cat":293233},{"id":175574,"n":"Sauce bolognaise Panzani Extra riche - 400g","p":3.79,"u":"9,48 €/KG","img":"https://fd8-photos.leclercdrive.fr/image.ashx?id=2887527&use=l&cat=p&typeid=i","cat":299047},{"id":175578,"n":"Sachet fraicheur chat Sheba Filets aux crevettes - 60g","p":1.09,"u":"18,17 €/KG","img":"https://fd8-photos.leclercdrive.fr/image.ashx?id=2292467&use=l&cat=p&typeid=i","cat":285286},{"id":175579,"n":"Pur jus Bio Village Bio Pomme  - 1L","p":2.14,"u":"2,14 €/L","img":"https://fd8-photos.leclercdrive.fr/image.ashx?id=2285081&use=l&cat=p&typeid=i","cat":284522},{"id":175582,"n":"Sachet fraicheur chat Sheba Soupe filets de poulet - 4x40g","p":3.19,"u":"19,94 €/KG","img":"https://fd8-photos.leclercdrive.fr/image.ashx?id=2292590&use=l&cat=p&typeid=i","cat":285286},{"id":175585,"n":"Sachet fraicheur chat Sheba Soupe filets de thon - 4x40g","p":2.44,"u":"15,25 €/KG","img":"https://fd8-photos.leclercdrive.fr/image.ashx?id=2292593&use=l&cat=p&typeid=i","cat":285286},{"id":175586,"n":"Lentilles vertes Vivien Paille 1kg","p":3.6,"u":"3,60 €/KG","img":"https://fd8-photos.leclercdrive.fr/image.ashx?id=2285093&use=l&cat=p&typeid=i","cat":284430},{"id":175603,"n":"Thé vert bio Bio Village Menthe x20 - 36g","p":1.65,"u":"45,83 €/KG","img":"https://fd8-photos.leclercdrive.fr/image.ashx?id=2897907&use=l&cat=p&typeid=i","cat":293233},{"id":175605,"n":"Amandes California Sainte Lucie Décortiquées - 125g","p":4.05,"u":"32,40 €/KG","img":"https://fd8-photos.leclercdrive.fr/image.ashx?id=2285219&use=l&cat=p&typeid=i","cat":284504},{"id":175616,"n":"Bavoir PEVA imperméable Tigex Mickey","p":6.9,"img":"https://fd8-photos.leclercdrive.fr/image.ashx?id=2434759&use=l&cat=p&typeid=i","cat":289435},{"id":175685,"n":"Madeleine longue P'tit Déli Fourrés à la fraise - 240g","p":3.01,"u":"12,54 €/KG","img":"https://fd8-photos.leclercdrive.fr/image.ashx?id=2558386&use=l&cat=p&typeid=i","cat":284492},{"id":175713,"n":"Bière \"La Goudale\" Rubis - 6x25cl","p":5.35,"u":"3,57 €/L","img":"https://fd8-photos.leclercdrive.fr/image.ashx?id=2778245&use=l&cat=p&typeid=i","cat":334878},{"id":175763,"n":"Chocolat noir Novi Aux noisettes - 130g","p":2.99,"u":"23,00 €/KG","img":"https://fd8-photos.leclercdrive.fr/image.ashx?id=2294516&use=l&cat=p&typeid=i","cat":284956},{"id":175764,"n":"Chocolat blanc Novi Aux noisettes - 130g","p":3.1,"u":"23,85 €/KG","img":"https://fd8-photos.leclercdrive.fr/image.ashx?id=2294519&use=l&cat=p&typeid=i","cat":284957},{"id":175790,"n":"Sachet fraicheur chat Sheba Filets au poulet - 60g","p":1.1,"u":"18,33 €/KG","img":"https://fd8-photos.leclercdrive.fr/image.ashx?id=2287523&use=l&cat=p&typeid=i","cat":285286},{"id":175800,"n":"Trieur à soufflets  Exacompta  Bleu ciel - 24,5x31,5cm","p":4.39,"img":"https://fd8-photos.leclercdrive.fr/image.ashx?id=2295690&use=l&cat=p&typeid=i","cat":284745},{"id":175932,"n":"Miel de montagne L'Apiculteur Crémeux - 1kg","p":15.79,"u":"15,79 €/KG","img":"https://fd8-photos.leclercdrive.fr/image.ashx?id=2310920&use=l&cat=p&typeid=i","cat":287643},{"id":175954,"n":"Sauce Bolognaise Panzani Extra riche - 200g","p":1.38,"u":"6,90 €/KG","img":"https://fd8-photos.leclercdrive.fr/image.ashx?id=2918574&use=l&cat=p&typeid=i","cat":287599},{"id":175982,"n":"Huile de Bronzage SPF30 Garnier Protectrice - 150ml","p":9.69,"u":"64,60 €/L","img":"https://fd8-photos.leclercdrive.fr/image.ashx?id=2601121&use=l&cat=p&typeid=i","cat":325355},{"id":175984,"n":"Auto-bronzant Ambre Solaire  Brume corps - 150ml","p":10.35,"u":"69,00 €/L","img":"https://fd8-photos.leclercdrive.fr/image.ashx?id=2530630&use=l&cat=p&typeid=i","cat":325355},{"id":175990,"n":"Sachets repas Gourmet Purina Perle Duo à la viande - 4x85g","p":1.79,"u":"5,26 €/KG","img":"https://fd8-photos.leclercdrive.fr/image.ashx?id=2901121&use=l&cat=p&typeid=i","cat":285286},{"id":175991,"n":"Culottes Pampers Baby Dry Pants Taille 3 : 6/11kg - x96","p":32.27,"u":"0,34 €/P","img":"https://fd8-photos.leclercdrive.fr/image.ashx?id=2622834&use=l&cat=p&typeid=i","cat":290633},{"id":175999,"n":"Barquette chien Cesar Terrine veau et carottes - 300g","p":1.53,"u":"5,10 €/KG","img":"https://fd8-photos.leclercdrive.fr/image.ashx?id=2289249&use=l&cat=p&typeid=i","cat":284673},{"id":176034,"n":"Frites Express McCain Just Au Four - 600g","p":3.08,"u":"5,13 €/KG","img":"https://fd8-photos.leclercdrive.fr/image.ashx?id=2997337&use=l&cat=p&typeid=i","cat":319791},{"id":176080,"n":"Morgan Tenues de fête Robe rose perle -  Dès 3 ans","p":3.99,"img":"https://fd8-photos.leclercdrive.fr/image.ashx?id=2289406&use=l&cat=p&typeid=i","cat":334379},{"id":176081,"n":"Morgan Tenues de fête Robe violette -  Dès 3 ans","p":3.99,"img":"https://fd8-photos.leclercdrive.fr/image.ashx?id=2289409&use=l&cat=p&typeid=i","cat":334379},{"id":176082,"n":"Morgan Tenues de fête Robe rose fluo -  Dès 3 ans","p":3.99,"img":"https://fd8-photos.leclercdrive.fr/image.ashx?id=2289412&use=l&cat=p&typeid=i","cat":334379},{"id":176238,"n":"Le rapé de Chèvre Soignon 150g","p":3.49,"u":"23,27 €/KG","img":"https://fd8-photos.leclercdrive.fr/image.ashx?id=2773694&use=l&cat=p&typeid=i","cat":314035},{"id":176239,"n":"Gnocchi Lustucru Selection  390g","p":1.79,"u":"4,59 €/KG","img":"https://fd8-photos.leclercdrive.fr/image.ashx?id=2965999&use=l&cat=p&typeid=i","cat":333682},{"id":176254,"n":"Foie de morue fumé MSC Pêche Océan - 121g","p":1.6,"u":"13,22 €/KG","img":"https://fd8-photos.leclercdrive.fr/image.ashx?id=2872457&use=l&cat=p&typeid=i","cat":305147},{"id":176260,"n":"Trieur à soufflets Exacompta Turquoise - 24,5x31,5cm","p":4.39,"img":"https://fd8-photos.leclercdrive.fr/image.ashx?id=2295738&use=l&cat=p&typeid=i","cat":284745},{"id":176299,"n":"Biscottes Cracotte LU Fibre - 250g","p":2.5,"u":"10,00 €/KG","img":"https://fd8-photos.leclercdrive.fr/image.ashx?id=2871154&use=l&cat=p&typeid=i","cat":284479},{"id":176348,"n":"Coffret 4 véhicules Hot Wheels Dès 3ans Monster Trucks Mattel","p":17.99,"img":"https://fd8-photos.leclercdrive.fr/image.ashx?id=2292612&use=l&cat=p&typeid=i","cat":334380},{"id":176350,"n":"Figurine Iron Man Goo Jit Zu  Marvel - 11cm","p":18.9,"pp":12.47,"img":"https://fd8-photos.leclercdrive.fr/image.ashx?id=2292609&use=l&cat=p&typeid=i","cat":334380},{"id":176358,"n":"Fgurine Spiderman Goo Jit Zu  11cm - Marvel - 1p","p":18.9,"pp":12.47,"img":"https://fd8-photos.leclercdrive.fr/image.ashx?id=2303258&use=l&cat=p&typeid=i","cat":334380},{"id":176360,"n":"Figurine Goo Jit Zu  Captain America - 11cm - 1p","p":18.9,"pp":12.47,"img":"https://fd8-photos.leclercdrive.fr/image.ashx?id=2292751&use=l&cat=p&typeid=i","cat":334380},{"id":176387,"n":"Masque Hydra-Régénérant Elsève Hyaluron Repulp - 310ml","p":5.39,"u":"17,39 €/L","img":"https://fd8-photos.leclercdrive.fr/image.ashx?id=2865878&use=l&cat=p&typeid=i","cat":284608},{"id":176391,"n":"Sérum Hydra-Texturisant Elsève Cheveux Déshydratés - 150ml","p":10.09,"u":"67,27 €/L","img":"https://fd8-photos.leclercdrive.fr/image.ashx?id=2870677&use=l&cat=p&typeid=i","cat":284608},{"id":176400,"n":"Gnocchi à poeler Lustucru  Lot de 2 + 1 offert - 900g","p":3.19,"u":"3,54 €/KG","img":"https://fd8-photos.leclercdrive.fr/image.ashx?id=2446671&use=l&cat=p&typeid=i","cat":333682},{"id":176534,"n":"Beurre bio Bio Village Doux  - 82% MG - 250g","p":2.85,"u":"11,40 €/KG","img":"https://fd8-photos.leclercdrive.fr/image.ashx?id=2961716&use=l&cat=p&typeid=i","cat":284379},{"id":176535,"n":"Beurre bio Bio Village  Demi-sel - 80% MG - 250g","p":2.99,"u":"11,96 €/KG","img":"https://fd8-photos.leclercdrive.fr/image.ashx?id=2961719&use=l&cat=p&typeid=i","cat":284379},{"id":176580,"n":"Margarine ProActiv Expert Tartine Doux - 225g","p":2.59,"u":"11,51 €/KG","img":"https://fd8-photos.leclercdrive.fr/image.ashx?id=2352035&use=l&cat=p&typeid=i","cat":315229},{"id":176604,"n":"Bière Blonde du Démon 12° - boite 50cl","p":1.47,"u":"2,94 €/L","img":"https://fd8-photos.leclercdrive.fr/image.ashx?id=2295400&use=l&cat=p&typeid=i","cat":334853},{"id":176614,"n":"Compotes Pom'Potes Gourdes  Explorateurs Les Incas - 12x90g","p":5.95,"u":"5,51 €/KG","img":"https://fd8-photos.leclercdrive.fr/image.ashx?id=2900740&use=l&cat=p&typeid=i","cat":284508},{"id":176615,"n":"Compotes Pom'Potes Gourdes  Battle Multivariétés - 12x90g","p":5.75,"u":"5,32 €/KG","img":"https://fd8-photos.leclercdrive.fr/image.ashx?id=2919745&use=l&cat=p&typeid=i","cat":284508},{"id":176677,"n":"Sablés noisettes chocolat Bonne Maman - 150g","p":2.49,"u":"16,60 €/KG","img":"https://fd8-photos.leclercdrive.fr/image.ashx?id=2984386&use=l&cat=p&typeid=i","cat":284488},{"id":176684,"n":"Chocolat Nestlé l'Atelier Caramel, amande, noisette 170g","p":3.13,"u":"18,41 €/KG","img":"https://fd8-photos.leclercdrive.fr/image.ashx?id=2663072&use=l&cat=p&typeid=i","cat":284497},{"id":176712,"n":"AOC Bordeaux Blanc 3L La petite chapelle de Bordeaux","p":15.49,"u":"5,16 €/L","img":"https://fd8-photos.leclercdrive.fr/image.ashx?id=2300839&use=l&cat=p&typeid=i","cat":289557},{"id":176755,"n":"Lessive en poudre Uni Vert 1,25kg","p":3.89,"u":"3,11 €/KG","img":"https://fd8-photos.leclercdrive.fr/image.ashx?id=2450107&use=l&cat=p&typeid=i","cat":284642},{"id":176823,"n":"Moussaka au boeuf Fleury Michon 300g","p":4.49,"u":"14,97 €/KG","img":"https://fd8-photos.leclercdrive.fr/image.ashx?id=3003236&use=l&cat=p&typeid=i","cat":333665},{"id":176846,"n":"Knacki Original Herta x6 - 210g","p":1.65,"u":"7,86 €/KG","img":"https://fd8-photos.leclercdrive.fr/image.ashx?id=2299070&use=l&cat=p&typeid=i","cat":316012},{"id":176847,"n":"Knacki Original Herta x10 - 350g","p":1.79,"u":"5,11 €/KG","img":"https://fd8-photos.leclercdrive.fr/image.ashx?id=2304111&use=l&cat=p&typeid=i","cat":316012},{"id":176848,"n":"Knacki Original Herta Sans nitrite x6 - 210g","p":2.59,"u":"12,33 €/KG","img":"https://fd8-photos.leclercdrive.fr/image.ashx?id=2299073&use=l&cat=p&typeid=i","cat":316012},{"id":176930,"n":"Burger Moelleux Férial x4 - 440g","p":5.99,"u":"13,61 €/KG","img":"https://fd8-photos.leclercdrive.fr/image.ashx?id=2888410&use=l&cat=p&typeid=i","cat":284332},{"id":176954,"n":"Paëlla de la mer Costa  600 g","p":5.46,"u":"9,10 €/KG","img":"https://fd8-photos.leclercdrive.fr/image.ashx?id=2300995&use=l&cat=p&typeid=i","cat":284254},{"id":176988,"n":"Bonbon à sucer Ricola Menthol Stévia - 50g","p":1.65,"u":"33,00 €/KG","img":"https://fd8-photos.leclercdrive.fr/image.ashx?id=2382201&use=l&cat=p&typeid=i","cat":304252},{"id":176989,"n":"Bonbon à sucer Ricola Sans sucres -50g","p":1.26,"u":"25,20 €/KG","img":"https://fd8-photos.leclercdrive.fr/image.ashx?id=2382204&use=l&cat=p&typeid=i","cat":304252},{"id":176990,"n":"Bonbon à sucer Ricola Citron melisse stévia - 50g","p":1.26,"u":"25,20 €/KG","img":"https://fd8-photos.leclercdrive.fr/image.ashx?id=2382207&use=l&cat=p&typeid=i","cat":304252},{"id":176996,"n":"Soin sans rinçage Elsève Color vive Water Acidic - 200ml","p":9.85,"u":"49,25 €/L","img":"https://fd8-photos.leclercdrive.fr/image.ashx?id=2439317&use=l&cat=p&typeid=i","cat":284608},{"id":177122,"n":"schtroumpf à lunettes Libeert chocolat lait coloré 85g","p":5.85,"u":"68,82 €/KG","img":"https://fd8-photos.leclercdrive.fr/image.ashx?id=2301983&use=l&cat=p&typeid=i","cat":284958},{"id":177123,"n":"schtroumpf costaud Libeert chocolat lait coloré 85g","p":5.85,"u":"68,82 €/KG","img":"https://fd8-photos.leclercdrive.fr/image.ashx?id=2301986&use=l&cat=p&typeid=i","cat":284958},{"id":177214,"n":"Sorbet Plein Fruit L'Angélys Banane - 500g","p":5.39,"u":"10,78 €/KG","img":"https://fd8-photos.leclercdrive.fr/image.ashx?id=2963601&use=l&cat=p&typeid=i","cat":284263},{"id":177216,"n":"Bière blanche sans alcool 1664 0,0° - 6x25cl","p":4.36,"u":"2,91 €/L","img":"https://fd8-photos.leclercdrive.fr/image.ashx?id=2907890&use=l&cat=p&typeid=i","cat":334877},{"id":177217,"n":"Sorbet Plein Fruit L'Angélys Citron vert - 500g","p":4.14,"u":"8,28 €/KG","img":"https://fd8-photos.leclercdrive.fr/image.ashx?id=2963607&use=l&cat=p&typeid=i","cat":284263},{"id":177218,"n":"Lessive tri-doses couleurs Epsil - x20 capsules","p":4.89,"u":"0,24 €/P","img":"https://fd8-photos.leclercdrive.fr/image.ashx?id=2450113&use=l&cat=p&typeid=i","cat":284641},{"id":177219,"n":"Sorbet Plein Fruit L'Angélys Fraise - 500g","p":5.22,"u":"10,44 €/KG","img":"https://fd8-photos.leclercdrive.fr/image.ashx?id=2963610&use=l&cat=p&typeid=i","cat":284263},{"id":177237,"n":"Sorbet Plein Fruit L'Angélys Poire - 500g","p":4.14,"u":"8,28 €/KG","img":"https://fd8-photos.leclercdrive.fr/image.ashx?id=2963637&use=l&cat=p&typeid=i","cat":284263},{"id":177247,"n":"Pizza Crust Sodebo Spicy Chorizo Poivrons - 600g","p":5.4,"u":"9,00 €/KG","img":"https://fd8-photos.leclercdrive.fr/image.ashx?id=2346912&use=l&cat=p&typeid=i","cat":333679},{"id":177257,"n":"Yaourt à la Grecque Nat&Vie Mangue Passion - 4x115g","p":2.6,"u":"5,65 €/KG","img":"https://fd8-photos.leclercdrive.fr/image.ashx?id=2901485&use=l&cat=p&typeid=i","cat":316071},{"id":177260,"n":"Bâtonnets Manger Main Bio Yooji Haricots Pois Semoule 225g","p":3.67,"u":"16,31 €/KG","img":"https://fd8-photos.leclercdrive.fr/image.ashx?id=2529039&use=l&cat=p&typeid=i","cat":290631},{"id":177326,"n":"Polenta Onctueuse  Tipiak - 400g","p":0.96,"u":"2,40 €/KG","img":"https://fd8-photos.leclercdrive.fr/image.ashx?id=2795818&use=l&cat=p&typeid=i","cat":284431},{"id":177381,"n":"Bière blonde Ch'ti 6.8% vol. - 75cl","p":3.32,"u":"4,43 €/L","img":"https://fd8-photos.leclercdrive.fr/image.ashx?id=2840169&use=l&cat=p&typeid=i","cat":334852},{"id":177395,"n":"Dobble XXL Asmodee Dès 6 ans","p":44.5,"img":"https://fd8-photos.leclercdrive.fr/image.ashx?id=2305631&use=l&cat=p&typeid=i","cat":334378},{"id":177407,"n":"AOP Corse blanc Terres Ocrees  Corse  - 75cl","p":4.99,"u":"6,65 €/L","img":"https://fd8-photos.leclercdrive.fr/image.ashx?id=2865245&use=l&cat=p&typeid=i","cat":289557},{"id":177433,"n":"Sirop Carambar Grenadine -  75cl","p":2.77,"u":"3,69 €/L","img":"https://fd8-photos.leclercdrive.fr/image.ashx?id=2398910&use=l&cat=p&typeid=i","cat":295020},{"id":177434,"n":"Sirop Carambar Fraise - 75cl","p":4.15,"u":"5,53 €/L","img":"https://fd8-photos.leclercdrive.fr/image.ashx?id=2398913&use=l&cat=p&typeid=i","cat":295020},{"id":177482,"n":"Haché Moelleux nature Férial 500g","p":5.39,"u":"10,78 €/KG","img":"https://fd8-photos.leclercdrive.fr/image.ashx?id=2710888&use=l&cat=p&typeid=i","cat":284332},{"id":177643,"n":"Gnocchi Roll à poêler Lustucru Format maxi - 500g","p":2.89,"u":"5,78 €/KG","img":"https://fd8-photos.leclercdrive.fr/image.ashx?id=2786210&use=l&cat=p&typeid=i","cat":333682},{"id":177644,"n":"Gnocchi à poêler Lustucru Extra Chèvre - 280g","p":2.69,"u":"9,61 €/KG","img":"https://fd8-photos.leclercdrive.fr/image.ashx?id=2915979&use=l&cat=p&typeid=i","cat":333682},{"id":177650,"n":"Jambon Le Fumé Fleury Michon Sans nitrite x4 - 140g","p":3.02,"u":"21,57 €/KG","img":"https://fd8-photos.leclercdrive.fr/image.ashx?id=2923948&use=l&cat=p&typeid=i","cat":316009},{"id":177652,"n":"Jambon Label Rouge Fleury Michon sans nitrite x4- 160g","p":3.99,"u":"24,94 €/KG","img":"https://fd8-photos.leclercdrive.fr/image.ashx?id=2923957&use=l&cat=p&typeid=i","cat":316009},{"id":177655,"n":"Blanc de poulet Fleury Michon Doré au Four x6 - 190g","p":1.95,"u":"10,26 €/KG","img":"https://fd8-photos.leclercdrive.fr/image.ashx?id=3004972&use=l&cat=p&typeid=i","cat":316010},{"id":177670,"n":"Crème fraîche entière Yoplait 30%MG - 450g","p":2.09,"u":"4,64 €/KG","img":"https://fd8-photos.leclercdrive.fr/image.ashx?id=2811044&use=l&cat=p&typeid=i","cat":284381},{"id":177676,"n":"Skyr Yoplait  Nature 0%MG - 8x100G","p":3.49,"u":"4,36 €/KG","img":"https://fd8-photos.leclercdrive.fr/image.ashx?id=2884450&use=l&cat=p&typeid=i","cat":315000},{"id":177677,"n":"Skyr Yoplait  Lit Fruits Rouges 0%MG - 8x100G","p":3.49,"u":"4,36 €/KG","img":"https://fd8-photos.leclercdrive.fr/image.ashx?id=2884453&use=l&cat=p&typeid=i","cat":315000},{"id":177698,"n":"Knacki Original Herta Sans nitrite x4 - 140g","p":2.15,"u":"15,36 €/KG","img":"https://fd8-photos.leclercdrive.fr/image.ashx?id=2309423&use=l&cat=p&typeid=i","cat":316012},{"id":177704,"n":"Knacki Original Herta 100% Porc - 210g","p":2.29,"u":"10,90 €/KG","img":"https://fd8-photos.leclercdrive.fr/image.ashx?id=2309417&use=l&cat=p&typeid=i","cat":316012},{"id":177706,"n":"Jeunes pousses d'épinard  Florette - 100g","p":2.09,"u":"20,90 €/KG","img":"https://fd8-photos.leclercdrive.fr/image.ashx?id=2844052&use=l&cat=p&typeid=i","cat":284353},{"id":177718,"n":"Bière blonde Ch'Ti Originale 6x25cl","p":5.3,"u":"3,53 €/L","img":"https://fd8-photos.leclercdrive.fr/image.ashx?id=2309612&use=l&cat=p&typeid=i","cat":334852},{"id":177721,"n":"Crème Visage Nuit Nivea Anti-taches Luminous - 50ml","p":21.15,"u":"423,00 €/L","img":"https://fd8-photos.leclercdrive.fr/image.ashx?id=3000345&use=l&cat=p&typeid=i","cat":325345},{"id":177787,"n":"Boisson riz Bio Bjorg Sans sucre - 1L","p":2.05,"u":"2,05 €/L","img":"https://fd8-photos.leclercdrive.fr/image.ashx?id=2864471&use=l&cat=p&typeid=i","cat":316067},{"id":177849,"n":"Lessive Sanytol désinfectante fraicheur florale - 1,70L","p":11.75,"u":"6,91 €/L","img":"https://fd8-photos.leclercdrive.fr/image.ashx?id=2902978&use=l&cat=p&typeid=i","cat":284640},{"id":177906,"n":"Panier printemps 6 oeufs Hatchimals - Dès 5 ans","p":33.35,"pp":22.01,"img":"https://fd8-photos.leclercdrive.fr/image.ashx?id=2309114&use=l&cat=p&typeid=i","cat":334380},{"id":177908,"n":"Barbie extra mini modèle Dès 3 ans","p":16.77,"pp":11.07,"img":"https://fd8-photos.leclercdrive.fr/image.ashx?id=2309108&use=l&cat=p&typeid=i","cat":334380},{"id":177909,"n":"Barbie extra mini modèle Dès 3 ans","p":19.99,"pp":13.19,"img":"https://fd8-photos.leclercdrive.fr/image.ashx?id=2309111&use=l&cat=p&typeid=i","cat":334380},{"id":177910,"n":"Barbie extra mini modèle Dès 3 ans","p":16.03,"pp":10.58,"img":"https://fd8-photos.leclercdrive.fr/image.ashx?id=2309102&use=l&cat=p&typeid=i","cat":334380},{"id":177911,"n":"Barbie extra mini modèle Dès 3 ans","p":16.59,"pp":10.95,"img":"https://fd8-photos.leclercdrive.fr/image.ashx?id=2309105&use=l&cat=p&typeid=i","cat":334380},{"id":177914,"n":"Yaourt à boire Actimel Vanille - 8x100g","p":3.65,"u":"4,56 €/KG","img":"https://fd8-photos.leclercdrive.fr/image.ashx?id=2939190&use=l&cat=p&typeid=i","cat":284415},{"id":177954,"n":"Saint Marcellin IGP Sonnailles x6 - 480g","p":6.12,"u":"12,75 €/KG","img":"https://fd8-photos.leclercdrive.fr/image.ashx?id=2604680&use=l&cat=p&typeid=i","cat":329558},{"id":178047,"n":"Enchantimals Famille de Dorinda Dauphin - dès 4 ans","p":16.03,"pp":10.58,"img":"https://fd8-photos.leclercdrive.fr/image.ashx?id=2310536&use=l&cat=p&typeid=i","cat":334380},{"id":178074,"n":"Aubergine Bio Bio Village x2","p":2.99,"u":"1,50 €/P","img":"https://fd8-photos.leclercdrive.fr/image.ashx?id=2928333&use=l&cat=p&typeid=i","cat":284352},{"id":178108,"n":"Burrata de vache Casa Azzurra 125g","p":3.35,"u":"26,80 €/KG","img":"https://fd8-photos.leclercdrive.fr/image.ashx?id=2927549&use=l&cat=p&typeid=i","cat":314026},{"id":178110,"n":"Pizza Dr.Oetker Ristorante Thon - 355g","p":2.66,"u":"7,49 €/KG","img":"https://fd8-photos.leclercdrive.fr/image.ashx?id=2993056&use=l&cat=p&typeid=i","cat":284256},{"id":178111,"n":"Pizza Dr.Oetker Ristorante 4 fromages - 340g","p":2.53,"u":"7,44 €/KG","img":"https://fd8-photos.leclercdrive.fr/image.ashx?id=2993050&use=l&cat=p&typeid=i","cat":284256},{"id":178112,"n":"Pizza Dr.Oetker Ristorante Mozzarella - 335g","p":2.75,"u":"8,21 €/KG","img":"https://fd8-photos.leclercdrive.fr/image.ashx?id=2993062&use=l&cat=p&typeid=i","cat":284256},{"id":178113,"n":"Pizza Dr.Oetker Ristorante  Vegetale aux légumes - 385g","p":2.95,"u":"7,66 €/KG","img":"https://fd8-photos.leclercdrive.fr/image.ashx?id=2993068&use=l&cat=p&typeid=i","cat":284256},{"id":178114,"n":"Pizza Ristorante Dr Oetker Royale - 350g","p":2.95,"u":"8,43 €/KG","img":"https://fd8-photos.leclercdrive.fr/image.ashx?id=2993044&use=l&cat=p&typeid=i","cat":284256},{"id":178125,"n":"Sablé salé Michel et Augustin Jambon de Bayonne - 90g","p":3.25,"u":"36,11 €/KG","img":"https://fd8-photos.leclercdrive.fr/image.ashx?id=2315416&use=l&cat=p&typeid=i","cat":297000},{"id":178144,"n":"Thé glacé MayTea Saveur Pêche - 1,2L","p":1.98,"u":"1,65 €/L","img":"https://fd8-photos.leclercdrive.fr/image.ashx?id=2648661&use=l&cat=p&typeid=i","cat":295019},{"id":178147,"n":"Céréales Trésor Kellogg's Chocolat noisettes - 620g","p":4.39,"u":"7,08 €/KG","img":"https://fd8-photos.leclercdrive.fr/image.ashx?id=2598331&use=l&cat=p&typeid=i","cat":309513},{"id":178161,"n":"Pizza Dr.Oetker Ristorante Jambon salami champignons 345g","p":2.79,"u":"8,09 €/KG","img":"https://fd8-photos.leclercdrive.fr/image.ashx?id=2993059&use=l&cat=p&typeid=i","cat":284256},{"id":178163,"n":"Thé glacé MayTea Saveur Menthe - 1,2L","p":1.98,"u":"1,65 €/L","img":"https://fd8-photos.leclercdrive.fr/image.ashx?id=2648664&use=l&cat=p&typeid=i","cat":295019},{"id":178165,"n":"Crème glacée Nuii  Cookies & Cream - x4 - 268g","p":4.42,"u":"16,49 €/KG","img":"https://fd8-photos.leclercdrive.fr/image.ashx?id=2506816&use=l&cat=p&typeid=i","cat":284265},{"id":178186,"n":"Compotes Andros Poire williams 750g","p":2.1,"u":"2,80 €/KG","img":"https://fd8-photos.leclercdrive.fr/image.ashx?id=2313750&use=l&cat=p&typeid=i","cat":284508},{"id":178251,"n":"Brocoli Eco+ 400g","p":1.08,"u":"2,70 €/KG","img":"https://fd8-photos.leclercdrive.fr/image.ashx?id=2953398&use=l&cat=p&typeid=i","cat":284352},{"id":178253,"n":"Yaourt aux fruits Eco+ Panaché - 12x125g","p":2.47,"u":"1,65 €/KG","img":"https://fd8-photos.leclercdrive.fr/image.ashx?id=2849635&use=l&cat=p&typeid=i","cat":284410},{"id":178260,"n":"Truite fumée Eco+ 100g","p":2.33,"u":"23,30 €/KG","img":"https://fd8-photos.leclercdrive.fr/image.ashx?id=2973505&use=l&cat=p&typeid=i","cat":285188},{"id":178351,"n":"Poêlée à la Mexicaine Notre Jardin - 1kg","p":3.72,"u":"3,72 €/KG","img":"https://fd8-photos.leclercdrive.fr/image.ashx?id=2771375&use=l&cat=p&typeid=i","cat":319823},{"id":178355,"n":"Hachis Parmentier Fleury Michon à l'Emmental - 300g","p":3.51,"u":"11,70 €/KG","img":"https://fd8-photos.leclercdrive.fr/image.ashx?id=3003248&use=l&cat=p&typeid=i","cat":333665},{"id":178378,"n":"Le dragon du tonnerre de Jay  Lego Ninjago - Dès 6 ans","p":19.4,"img":"https://fd8-photos.leclercdrive.fr/image.ashx?id=2374950&use=l&cat=p&typeid=i","cat":334380},{"id":178379,"n":"Le dragon de feu de Kai Lego Ninjago - Dès 6 ans","p":29.12,"img":"https://fd8-photos.leclercdrive.fr/image.ashx?id=2316421&use=l&cat=p&typeid=i","cat":334380},{"id":178385,"n":"Margarine Proactive Tartine Doux - 450g","p":5.05,"u":"11,22 €/KG","img":"https://fd8-photos.leclercdrive.fr/image.ashx?id=2352032&use=l&cat=p&typeid=i","cat":315229},{"id":178398,"n":"Monster Jam  Megalodon Lego Technic - Dès 7 ans","p":20.04,"img":"https://fd8-photos.leclercdrive.fr/image.ashx?id=2576557&use=l&cat=p&typeid=i","cat":334380},{"id":178404,"n":"Le camion bétonnière Lego City - Dès 4 ans","p":18.56,"img":"https://fd8-photos.leclercdrive.fr/image.ashx?id=2609049&use=l&cat=p&typeid=i","cat":334380},{"id":178413,"n":"La maison champignon Lego - Dès 8 ans","p":17.99,"img":"https://fd8-photos.leclercdrive.fr/image.ashx?id=2575915&use=l&cat=p&typeid=i","cat":334380},{"id":178417,"n":"La voiture de course de Lloyd Lego Ninjago - Dès 6 ans","p":26.0,"img":"https://fd8-photos.leclercdrive.fr/image.ashx?id=2543381&use=l&cat=p&typeid=i","cat":334380},{"id":178440,"n":"La maison sur la plage du surfeur - Lego - Dès 8 ans","p":45.79,"img":"https://fd8-photos.leclercdrive.fr/image.ashx?id=2571725&use=l&cat=p&typeid=i","cat":334380},{"id":178465,"n":"Le sauvetage des pompiers Lego City - Dès 5 ans","p":25.99,"img":"https://fd8-photos.leclercdrive.fr/image.ashx?id=2609046&use=l&cat=p&typeid=i","cat":334380},{"id":178469,"n":"Le spectacle des cascadeurs Lego City - Dès 5 ans","p":12.74,"img":"https://fd8-photos.leclercdrive.fr/image.ashx?id=2578571&use=l&cat=p&typeid=i","cat":334380},{"id":178472,"n":"Le refuge renard Lego - Dès 8 ans","p":19.99,"img":"https://fd8-photos.leclercdrive.fr/image.ashx?id=2938872&use=l&cat=p&typeid=i","cat":334380},{"id":178495,"n":"La clinique vétérinaire Lego Friends - Dès 4 ans","p":19.17,"img":"https://fd8-photos.leclercdrive.fr/image.ashx?id=2575891&use=l&cat=p&typeid=i","cat":334380},{"id":178518,"n":"les aventures d'Elsa et Nokk Lego - Dès 5 ans","p":19.1,"img":"https://fd8-photos.leclercdrive.fr/image.ashx?id=2570571&use=l&cat=p&typeid=i","cat":334380},{"id":178539,"n":"Gel Lavant Bébé Mots d'Enfants 2en1 Bio 750ml","p":3.95,"u":"5,27 €/L","img":"https://fd8-photos.leclercdrive.fr/image.ashx?id=3014305&use=l&cat=p&typeid=i","cat":284740},{"id":178564,"n":"Farine de riz complet Bio Bio Village - 500g","p":3.23,"u":"6,46 €/KG","img":"https://fd8-photos.leclercdrive.fr/image.ashx?id=2801798&use=l&cat=p&typeid=i","cat":288382},{"id":178608,"n":"L'Onctueux Café Rians 2x94g","p":2.56,"u":"13,62 €/KG","img":"https://fd8-photos.leclercdrive.fr/image.ashx?id=2467207&use=l&cat=p&typeid=i","cat":285041},{"id":178625,"n":"Recharge gel douche Sanex Zéro% Tous types de peaux - 500ml","p":3.75,"u":"7,50 €/L","img":"https://fd8-photos.leclercdrive.fr/image.ashx?id=2859986&use=l&cat=p&typeid=i","cat":284594},{"id":178632,"n":"Brosses à dents Sensodyne extra souple x3","p":7.98,"u":"2,66 €/P","img":"https://fd8-photos.leclercdrive.fr/image.ashx?id=2318859&use=l&cat=p&typeid=i","cat":284614},{"id":178680,"n":"Bière blonde Carlsberg 6X33cl","p":7.11,"u":"3,59 €/L","img":"https://fd8-photos.leclercdrive.fr/image.ashx?id=2803562&use=l&cat=p&typeid=i","cat":334873},{"id":178729,"n":"Liniment Mots d'enfants Bio - 500g","p":4.05,"u":"8,10 €/L","img":"https://fd8-photos.leclercdrive.fr/image.ashx?id=3014302&use=l&cat=p&typeid=i","cat":284741},{"id":178789,"n":"Dentifrice Sanogyl  soin gencives - 2x75ml","p":7.34,"u":"48,93 €/L","img":"https://fd8-photos.leclercdrive.fr/image.ashx?id=2320066&use=l&cat=p&typeid=i","cat":284612},{"id":178791,"n":"Huile d'olive Terra Delyssa Bio - 75cl","p":10.59,"u":"14,12 €/L","img":"https://fd8-photos.leclercdrive.fr/image.ashx?id=2736847&use=l&cat=p&typeid=i","cat":284453},{"id":178834,"n":"Masque detox Loua Visage en tissu x1","p":2.83,"img":"https://fd8-photos.leclercdrive.fr/image.ashx?id=2406094&use=l&cat=p&typeid=i","cat":null},{"id":178845,"n":"Tampons Tampax Compak  Avec applicateur - Super+ - x22","p":3.05,"u":"0,14 €/P","img":"https://fd8-photos.leclercdrive.fr/image.ashx?id=2850405&use=l&cat=p&typeid=i","cat":284626},{"id":178875,"n":"Lait corps Le Petit Marseillais Huile abricot et nacre - 400ml","p":4.6,"u":"11,50 €/L","img":"https://fd8-photos.leclercdrive.fr/image.ashx?id=2948141&use=l&cat=p&typeid=i","cat":325349},{"id":178898,"n":"Bière ambrée Ch'ti  6x25cl","p":5.25,"u":"3,50 €/L","img":"https://fd8-photos.leclercdrive.fr/image.ashx?id=2321292&use=l&cat=p&typeid=i","cat":334852},{"id":178949,"n":"Gâteau Savane Brossard Max Barr' Pocket x7 - 210g","p":2.0,"u":"9,52 €/KG","img":"https://fd8-photos.leclercdrive.fr/image.ashx?id=2870731&use=l&cat=p&typeid=i","cat":294776},{"id":178951,"n":"Sacs poubelle Handy Bag   Ultra résistant 50L - x10","p":3.39,"u":"0,34 €/P","img":"https://fd8-photos.leclercdrive.fr/image.ashx?id=2918970&use=l&cat=p&typeid=i","cat":285168},{"id":178967,"n":"Mochi glacé Vanille Mei Asia - 180g","p":5.79,"u":"32,17 €/KG","img":"https://fd8-photos.leclercdrive.fr/image.ashx?id=2322986&use=l&cat=p&typeid=i","cat":284266},{"id":178974,"n":"Mouchoirs Balsam Kleenex® Boîte x64","p":2.24,"u":"0,04 €/P","img":"https://fd8-photos.leclercdrive.fr/image.ashx?id=2853353&use=l&cat=p&typeid=i","cat":284638},{"id":178975,"n":"Désodorisant Textile Febreze Fruits exotiques -500ml","p":4.58,"u":"9,16 €/L","img":"https://fd8-photos.leclercdrive.fr/image.ashx?id=2409688&use=l&cat=p&typeid=i","cat":290451},{"id":179002,"n":"Préservatifs Durex Confort Essential Confiance x24","p":10.19,"u":"0,42 €/P","img":"https://fd8-photos.leclercdrive.fr/image.ashx?id=2962029&use=l&cat=p&typeid=i","cat":284631},{"id":179025,"n":"Sacs poubelle 30L Handy Bag Ultra résistant - x20","p":2.89,"u":"0,14 €/P","img":"https://fd8-photos.leclercdrive.fr/image.ashx?id=2603800&use=l&cat=p&typeid=i","cat":285168},{"id":179028,"n":"Gel douche Sanex zéro 0% Peaux normales - 725ml","p":5.45,"u":"7,52 €/L","img":"https://fd8-photos.leclercdrive.fr/image.ashx?id=2685540&use=l&cat=p&typeid=i","cat":284594},{"id":179030,"n":"Sacs poubelle 30L Handy Bag Ultra résistant - x15","p":3.46,"u":"0,23 €/P","img":"https://fd8-photos.leclercdrive.fr/image.ashx?id=2633145&use=l&cat=p&typeid=i","cat":285168},{"id":179031,"n":"Gel douche Sanex zéro 0% Peaux normales - 475ml","p":5.0,"u":"10,53 €/L","img":"https://fd8-photos.leclercdrive.fr/image.ashx?id=2648851&use=l&cat=p&typeid=i","cat":284594},{"id":179032,"n":"Sac poubelle 50L Handy Bag Fixation élastique x10","p":4.69,"u":"0,09 €/L","img":"https://fd8-photos.leclercdrive.fr/image.ashx?id=2906721&use=l&cat=p&typeid=i","cat":285168},{"id":179039,"n":"Film fraîcheur Albal 30m","p":2.49,"img":"https://fd8-photos.leclercdrive.fr/image.ashx?id=2929056&use=l&cat=p&typeid=i","cat":334134},{"id":179041,"n":"Ultra ZIP moyen modèle Albal  15 sacs","p":3.35,"img":"https://fd8-photos.leclercdrive.fr/image.ashx?id=2929068&use=l&cat=p&typeid=i","cat":334134},{"id":179056,"n":"Dentifrice Signal Integral 8  Fraîcheur et détox -75ml","p":2.25,"u":"30,00 €/L","img":"https://fd8-photos.leclercdrive.fr/image.ashx?id=2960228&use=l&cat=p&typeid=i","cat":284612},{"id":179060,"n":"Capsules lave-vaisselle Finish  Quantum - x35","p":8.6,"u":"23,63 €/KG","img":"https://fd8-photos.leclercdrive.fr/image.ashx?id=2322349&use=l&cat=p&typeid=i","cat":284656},{"id":179072,"n":"Mascara Maybelline Colossal Very black","p":10.13,"img":"https://fd8-photos.leclercdrive.fr/image.ashx?id=2321959&use=l&cat=p&typeid=i","cat":287029},{"id":179084,"n":"Liqueur Isautier  Banane flambée 17° - 50cl","p":16.89,"u":"33,78 €/L","img":"https://fd8-photos.leclercdrive.fr/image.ashx?id=2322679&use=l&cat=p&typeid=i","cat":286032},{"id":179087,"n":"Liquide Vaisselle Paic Citron - 750ml","p":1.75,"u":"2,33 €/L","img":"https://fd8-photos.leclercdrive.fr/image.ashx?id=2322835&use=l&cat=p&typeid=i","cat":284655},{"id":179088,"n":"Liquide Vaisselle Paic Citron Vert - 750ml","p":1.99,"u":"2,65 €/L","img":"https://fd8-photos.leclercdrive.fr/image.ashx?id=2322838&use=l&cat=p&typeid=i","cat":284655},{"id":179100,"n":"Jeu de cartes Uno All Wild  Mattel Games - Dès 7 ans","p":11.98,"pp":7.91,"img":"https://fd8-photos.leclercdrive.fr/image.ashx?id=2507712&use=l&cat=p&typeid=i","cat":334378},{"id":179101,"n":"Pistolet à eau Fortnite Nerf Super Soaker - dès 6 ans","p":12.99,"img":"https://fd8-photos.leclercdrive.fr/image.ashx?id=2328770&use=l&cat=p&typeid=i","cat":334381},{"id":179256,"n":"Jus Ocean Spray Classic  Cranberry - 1L","p":1.99,"u":"1,99 €/L","img":"https://fd8-photos.leclercdrive.fr/image.ashx?id=2324021&use=l&cat=p&typeid=i","cat":284915},{"id":179261,"n":"Crème de nuit L'Oréal Paris  Dermo Revitalift - 50ml","p":27.67,"u":"553,40 €/L","img":"https://fd8-photos.leclercdrive.fr/image.ashx?id=2351849&use=l&cat=p&typeid=i","cat":325345},{"id":179263,"n":"Sérum de nuit L'Oréal Paris Age Perfect anti-âge - 30ml","p":11.97,"pp":7.9,"u":"263,33 €/L","img":"https://fd8-photos.leclercdrive.fr/image.ashx?id=2867536&use=l&cat=p&typeid=i","cat":325345},{"id":179264,"n":"Sérum repulpant L'Oréal Paris Revitalift anti-rides - 20ml","p":18.19,"u":"909,50 €/L","img":"https://fd8-photos.leclercdrive.fr/image.ashx?id=2867539&use=l&cat=p&typeid=i","cat":325345},{"id":179299,"n":"Lait bébé Candia Baby  croissance 3ème âge - 6x1L","p":11.69,"u":"1,95 €/L","img":"https://fd8-photos.leclercdrive.fr/image.ashx?id=2963349&use=l&cat=p&typeid=i","cat":284728},{"id":179300,"n":"Lait bébé Candia Baby 4ème âge - 6x1L","p":10.8,"u":"1,80 €/L","img":"https://fd8-photos.leclercdrive.fr/image.ashx?id=2963358&use=l&cat=p&typeid=i","cat":284728},{"id":179318,"n":"Eau Gazeuse Aromatisée  SanPellegrino Thé Citron 6x33cl","p":3.71,"u":"1,87 €/L","img":"https://fd8-photos.leclercdrive.fr/image.ashx?id=2964072&use=l&cat=p&typeid=i","cat":284536},{"id":179326,"n":"Gel douche Sanex Zéro 0% Peaux sèches - 475ml","p":3.69,"u":"7,77 €/L","img":"https://fd8-photos.leclercdrive.fr/image.ashx?id=2692857&use=l&cat=p&typeid=i","cat":284594},{"id":179339,"n":"Dettol Spray Hydroalcoolique  désinfectant Mains+Surface 90ml","p":2.81,"u":"31,22 €/L","img":"https://fd8-photos.leclercdrive.fr/image.ashx?id=2543034&use=l&cat=p&typeid=i","cat":null},{"id":179352,"n":"Eco recharge gel douche Sanex 0% Peaux sèches - 500ml","p":3.75,"u":"7,50 €/L","img":"https://fd8-photos.leclercdrive.fr/image.ashx?id=2866199&use=l&cat=p&typeid=i","cat":284594},{"id":179355,"n":"Eco recharge gel douche Sanex Zéro 0% famille hydratant - 1L","p":7.69,"u":"7,69 €/L","img":"https://fd8-photos.leclercdrive.fr/image.ashx?id=2676927&use=l&cat=p&typeid=i","cat":284594},{"id":179356,"n":"Gel douche Sanex Zéro 0% Peaux sèches - 725ml","p":5.45,"u":"7,52 €/L","img":"https://fd8-photos.leclercdrive.fr/image.ashx?id=2738392&use=l&cat=p&typeid=i","cat":284594},{"id":179357,"n":"Eco recharge shampooing bio N.A.E. nutrition - 500ML","p":7.22,"u":"14,44 €/L","img":"https://fd8-photos.leclercdrive.fr/image.ashx?id=2464042&use=l&cat=p&typeid=i","cat":284606},{"id":179382,"n":"Crème nutritive SO'BiO étic bio Argan Peaux matures - 50ml","p":16.19,"u":"323,80 €/L","img":"https://fd8-photos.leclercdrive.fr/image.ashx?id=2775628&use=l&cat=p&typeid=i","cat":325345},{"id":179383,"n":"Sérum SO'BiO étic rose éclat Argan Peaux matures bio - 30ml","p":16.95,"u":"565,00 €/L","img":"https://fd8-photos.leclercdrive.fr/image.ashx?id=2493526&use=l&cat=p&typeid=i","cat":325345},{"id":179384,"n":"Pâte à tartiner Eco+ 750g - aux noissettes","p":2.47,"u":"3,29 €/KG","img":"https://fd8-photos.leclercdrive.fr/image.ashx?id=2841148&use=l&cat=p&typeid=i","cat":284481},{"id":179403,"n":"Eau gazeuse Vichy Célestins 6x1,15L","p":3.88,"u":"0,56 €/L","img":"https://fd8-photos.leclercdrive.fr/image.ashx?id=2376542&use=l&cat=p&typeid=i","cat":284536},{"id":179431,"n":"Brioche Pitch Chocolat x8 - 300g","p":1.82,"u":"6,07 €/KG","img":"https://fd8-photos.leclercdrive.fr/image.ashx?id=2452119&use=l&cat=p&typeid=i","cat":293505},{"id":179432,"n":"Brioches Pitch Fraise x8 - 300g","p":2.29,"u":"7,63 €/KG","img":"https://fd8-photos.leclercdrive.fr/image.ashx?id=2452116&use=l&cat=p&typeid=i","cat":293505},{"id":179433,"n":"Brioche Pitch Chocolat au lait x8 - 300g","p":2.35,"u":"7,83 €/KG","img":"https://fd8-photos.leclercdrive.fr/image.ashx?id=2452113&use=l&cat=p&typeid=i","cat":293505},{"id":179435,"n":"Brioche Pitch Chocolat x12 - 450g","p":3.35,"u":"7,44 €/KG","img":"https://fd8-photos.leclercdrive.fr/image.ashx?id=2452110&use=l&cat=p&typeid=i","cat":293505},{"id":179437,"n":"Brioches Pitch Pépites chocolat x8 - 300g","p":2.35,"u":"7,83 €/KG","img":"https://fd8-photos.leclercdrive.fr/image.ashx?id=2452107&use=l&cat=p&typeid=i","cat":293505},{"id":179438,"n":"Brioche Pitch Pépites de chocolat x12 - 450g","p":3.45,"u":"7,67 €/KG","img":"https://fd8-photos.leclercdrive.fr/image.ashx?id=2452104&use=l&cat=p&typeid=i","cat":293505},{"id":179439,"n":"Brioches Pitch Choco barre noir x8-  300g","p":2.95,"u":"9,83 €/KG","img":"https://fd8-photos.leclercdrive.fr/image.ashx?id=2452101&use=l&cat=p&typeid=i","cat":293505},{"id":179440,"n":"Brioches Pitch  Choco barre lait x8 - 300g","p":2.39,"u":"7,97 €/KG","img":"https://fd8-photos.leclercdrive.fr/image.ashx?id=2454115&use=l&cat=p&typeid=i","cat":293505},{"id":179442,"n":"Brioches Pitch Choco barre noisette x8 - 300g","p":2.95,"u":"9,83 €/KG","img":"https://fd8-photos.leclercdrive.fr/image.ashx?id=2454112&use=l&cat=p&typeid=i","cat":293505},{"id":179443,"n":"Brioches Pitch Crousti x8 - 300g","p":2.95,"u":"9,83 €/KG","img":"https://fd8-photos.leclercdrive.fr/image.ashx?id=2454109&use=l&cat=p&typeid=i","cat":293505},{"id":179487,"n":"Gel douche Sanex Zéro 0% Peaux sèches - 2x475ml","p":6.3,"u":"6,63 €/L","img":"https://fd8-photos.leclercdrive.fr/image.ashx?id=2676921&use=l&cat=p&typeid=i","cat":284594},{"id":179488,"n":"Gel douche Sanex Zéro 0% Peaux normales - 2x475ml","p":6.3,"u":"6,63 €/L","img":"https://fd8-photos.leclercdrive.fr/image.ashx?id=2676924&use=l&cat=p&typeid=i","cat":284594},{"id":179530,"n":"Vin pétillant Very Zest Blanc citron vert - 6x25cl","p":6.95,"pp":4.59,"u":"3,06 €/L","img":"https://fd8-photos.leclercdrive.fr/image.ashx?id=2326799&use=l&cat=p&typeid=i","cat":304569},{"id":179533,"n":"Soda Fanta citron  bouteille - 1.25L","p":1.75,"u":"1,40 €/L","img":"https://fd8-photos.leclercdrive.fr/image.ashx?id=2659394&use=l&cat=p&typeid=i","cat":284532},{"id":179559,"n":"Gel douche Ushuaïa BIO Fleur  d'oranger - 2×250ml","p":6.68,"u":"13,36 €/L","img":"https://fd8-photos.leclercdrive.fr/image.ashx?id=2326370&use=l&cat=p&typeid=i","cat":284594},{"id":179603,"n":"Bonbons Tic Tac  49g - Framboise myrtille","p":1.89,"u":"38,57 €/KG","img":"https://fd8-photos.leclercdrive.fr/image.ashx?id=2479492&use=l&cat=p&typeid=i","cat":304256},{"id":179611,"n":"Smarties Poussin Chocolat Bleu - 85g","p":3.25,"u":"38,24 €/KG","img":"https://fd8-photos.leclercdrive.fr/image.ashx?id=2301776&use=l&cat=p&typeid=i","cat":284958},{"id":179615,"n":"Smarties Poussin Chocolat Rose - 85g","p":3.25,"u":"38,24 €/KG","img":"https://fd8-photos.leclercdrive.fr/image.ashx?id=2396045&use=l&cat=p&typeid=i","cat":284958},{"id":179640,"n":"Jus Ocean Spray Classic Light Cranberry - 1L","p":2.3,"u":"2,30 €/L","img":"https://fd8-photos.leclercdrive.fr/image.ashx?id=2328415&use=l&cat=p&typeid=i","cat":284915},{"id":179645,"n":"Limonade double zest Lorina Bouteille - 1,25L","p":1.02,"u":"0,82 €/L","img":"https://fd8-photos.leclercdrive.fr/image.ashx?id=2723836&use=l&cat=p&typeid=i","cat":284531},{"id":179646,"n":"Limonade Zero Lorina 1.25L","p":1.86,"u":"1,49 €/L","img":"https://fd8-photos.leclercdrive.fr/image.ashx?id=2735143&use=l&cat=p&typeid=i","cat":284531},{"id":179669,"n":"Liquide vaisselle Paic Citron - 1,5L","p":2.84,"u":"1,89 €/L","img":"https://fd8-photos.leclercdrive.fr/image.ashx?id=2328673&use=l&cat=p&typeid=i","cat":284655},{"id":179670,"n":"Liquide dégraissant  Mr Propre  Ultra citron - 1,5L","p":3.69,"u":"2,46 €/L","img":"https://fd8-photos.leclercdrive.fr/image.ashx?id=2328328&use=l&cat=p&typeid=i","cat":null},{"id":179773,"n":"La limonade de Goudale 75cl","p":2.25,"pp":1.48,"u":"1,97 €/L","img":"https://fd8-photos.leclercdrive.fr/image.ashx?id=2333123&use=l&cat=p&typeid=i","cat":284531},{"id":179852,"n":"Super smoothie Innocent defense - 750ml","p":3.95,"u":"5,27 €/L","img":"https://fd8-photos.leclercdrive.fr/image.ashx?id=2329136&use=l&cat=p&typeid=i","cat":285435},{"id":179854,"n":"Crème glacée Häagen-Dazs  Vanille cookies  - 386 g","p":5.69,"u":"14,74 €/KG","img":"https://fd8-photos.leclercdrive.fr/image.ashx?id=2893450&use=l&cat=p&typeid=i","cat":284725},{"id":179858,"n":"Mini bâtonnets Trium  Rocher Coco x4 - 202g","p":3.22,"u":"15,94 €/KG","img":"https://fd8-photos.leclercdrive.fr/image.ashx?id=2911708&use=l&cat=p&typeid=i","cat":284265},{"id":179859,"n":"Mini bâtonnets Trium  Rocher Chocolat x4 - 204g","p":3.05,"u":"14,95 €/KG","img":"https://fd8-photos.leclercdrive.fr/image.ashx?id=2911711&use=l&cat=p&typeid=i","cat":284265},{"id":179860,"n":"Glaces Kinder Bueno noisettes chocolat lait x4 248g","p":3.93,"u":"15,85 €/KG","img":"https://fd8-photos.leclercdrive.fr/image.ashx?id=2759068&use=l&cat=p&typeid=i","cat":284264},{"id":179881,"n":"Crème glacée Ben & Jerry's Cookie Vermont-Ster - 324g","p":6.09,"u":"18,80 €/KG","img":"https://fd8-photos.leclercdrive.fr/image.ashx?id=2793044&use=l&cat=p&typeid=i","cat":284725},{"id":179896,"n":"Cône Max Elsa vanille  Reine des neiges x4 - 152g","p":2.73,"u":"17,96 €/KG","img":"https://fd8-photos.leclercdrive.fr/image.ashx?id=2651263&use=l&cat=p&typeid=i","cat":285250},{"id":179934,"n":"Chips bio Jardin Bio Nature - 125g","p":2.58,"u":"20,64 €/KG","img":"https://fd8-photos.leclercdrive.fr/image.ashx?id=2792642&use=l&cat=p&typeid=i","cat":284447},{"id":179939,"n":"Bâtonnets Trium vanille choco blanc fruits rouges x4 - 274g","p":2.69,"u":"9,82 €/KG","img":"https://fd8-photos.leclercdrive.fr/image.ashx?id=2758312&use=l&cat=p&typeid=i","cat":284265},{"id":179961,"n":"Haricots verts Jardin Bio Etic Bio - sans sel ajouté - 185g","p":2.75,"u":"14,86 €/KG","img":"https://fd8-photos.leclercdrive.fr/image.ashx?id=2835421&use=l&cat=p&typeid=i","cat":312606},{"id":179967,"n":"Beurre de cacahuete Jardin Bio Bio - Creamy - 500g","p":6.65,"u":"13,30 €/KG","img":"https://fd8-photos.leclercdrive.fr/image.ashx?id=2926503&use=l&cat=p&typeid=i","cat":284481},{"id":179975,"n":"Whisky Monkey Shoulder Smokey 40% - 70cl","p":28.28,"u":"40,40 €/L","img":"https://fd8-photos.leclercdrive.fr/image.ashx?id=2883714&use=l&cat=p&typeid=i","cat":284547},{"id":179976,"n":"Chocolat noir Lindt Excellence 28 bouchées - 154g","p":6.93,"u":"45,00 €/KG","img":"https://fd8-photos.leclercdrive.fr/image.ashx?id=2425592&use=l&cat=p&typeid=i","cat":284499},{"id":179977,"n":"Sucre glace Saint Louis - 500g","p":1.38,"u":"2,76 €/KG","img":"https://fd8-photos.leclercdrive.fr/image.ashx?id=2558963&use=l&cat=p&typeid=i","cat":284502},{"id":179978,"n":"Captain Morgan rhum blanc 37,5° - 70cl","p":16.82,"u":"24,03 €/L","img":"https://fd8-photos.leclercdrive.fr/image.ashx?id=2578322&use=l&cat=p&typeid=i","cat":284550},{"id":179985,"n":"Bière ambrée Ch'ti   6,2°  -75cl","p":2.51,"u":"3,35 €/L","img":"https://fd8-photos.leclercdrive.fr/image.ashx?id=2329473&use=l&cat=p&typeid=i","cat":334852},{"id":180020,"n":"Vin Nos Régions Ont du Talent 75cl","p":12.99,"u":"17,32 €/L","img":"https://fd8-photos.leclercdrive.fr/image.ashx?id=2449936&use=l&cat=p&typeid=i","cat":289556},{"id":180024,"n":"Tablette de chocolat noir Lindt Noisette caramel - 100g","p":2.45,"u":"24,50 €/KG","img":"https://fd8-photos.leclercdrive.fr/image.ashx?id=2881296&use=l&cat=p&typeid=i","cat":284956},{"id":180030,"n":"Sauce Crudités Bénédicta Nature - 735g","p":3.55,"u":"4,83 €/KG","img":"https://fd8-photos.leclercdrive.fr/image.ashx?id=2549777&use=l&cat=p&typeid=i","cat":284456},{"id":180041,"n":"Chips Tuiles Pringles Paprika - 175g","p":1.85,"u":"10,57 €/KG","img":"https://fd8-photos.leclercdrive.fr/image.ashx?id=2902301&use=l&cat=p&typeid=i","cat":287899},{"id":180044,"n":"Filtres à café brun Melitta FSC 1x4 - 80 filtres","p":1.99,"u":"13,54 €/KG","img":"https://fd8-photos.leclercdrive.fr/image.ashx?id=2908276&use=l&cat=p&typeid=i","cat":284751},{"id":180061,"n":"Thé vert bio Bio village  36g","p":1.33,"u":"36,94 €/KG","img":"https://fd8-photos.leclercdrive.fr/image.ashx?id=2897910&use=l&cat=p&typeid=i","cat":293233},{"id":180065,"n":"Rillettes de thon Petit Navire 125g","p":1.69,"u":"13,52 €/KG","img":"https://fd8-photos.leclercdrive.fr/image.ashx?id=2533388&use=l&cat=p&typeid=i","cat":303867},{"id":180069,"n":"Rillettes au saumon  Petit Navire - 125g","p":1.74,"u":"13,92 €/KG","img":"https://fd8-photos.leclercdrive.fr/image.ashx?id=2533391&use=l&cat=p&typeid=i","cat":305147},{"id":180074,"n":"Fond de veau Maggi - 240g","p":3.66,"u":"15,25 €/KG","img":"https://fd8-photos.leclercdrive.fr/image.ashx?id=2918047&use=l&cat=p&typeid=i","cat":288379},{"id":180079,"n":"Biscuits chocolats Kinder Duo Chocolat blanc et lait - 150g","p":2.09,"u":"13,93 €/KG","img":"https://fd8-photos.leclercdrive.fr/image.ashx?id=2959127&use=l&cat=p&typeid=i","cat":284488},{"id":180081,"n":"Moulin 3 poivres Sainte Lucie - 44g","p":3.56,"u":"80,91 €/KG","img":"https://fd8-photos.leclercdrive.fr/image.ashx?id=2774457&use=l&cat=p&typeid=i","cat":284457},{"id":180084,"n":"Basilic Sainte Lucie Saveur du potager - 4g","p":2.52,"u":"630,00 €/KG","img":"https://fd8-photos.leclercdrive.fr/image.ashx?id=2774466&use=l&cat=p&typeid=i","cat":298297},{"id":180088,"n":"Cerfeuil Sainte Lucie feuilles de France - 8g","p":1.87,"u":"233,75 €/KG","img":"https://fd8-photos.leclercdrive.fr/image.ashx?id=2973586&use=l&cat=p&typeid=i","cat":298297},{"id":180090,"n":"Baies de Genièvre Sainte Lucie - 30g","p":2.29,"u":"76,33 €/KG","img":"https://fd8-photos.leclercdrive.fr/image.ashx?id=2776130&use=l&cat=p&typeid=i","cat":298297},{"id":180110,"n":"Chocolat noir Lindt Excellence Fleur de sel et Lait x28 - 154g","p":4.52,"u":"29,35 €/KG","img":"https://fd8-photos.leclercdrive.fr/image.ashx?id=2329765&use=l&cat=p&typeid=i","cat":284499},{"id":180114,"n":"Tablette chocolat Poulain noir fondant x2 - 190g","p":3.27,"u":"17,21 €/KG","img":"https://fd8-photos.leclercdrive.fr/image.ashx?id=2950378&use=l&cat=p&typeid=i","cat":284956},{"id":180121,"n":"Riz curry et poulet individuel William Saurin - 300g","p":2.41,"u":"8,03 €/KG","img":"https://fd8-photos.leclercdrive.fr/image.ashx?id=2335184&use=l&cat=p&typeid=i","cat":284953},{"id":180134,"n":"Armagnac saint Vivant 40° - 20cl","p":4.81,"u":"24,05 €/L","img":"https://fd8-photos.leclercdrive.fr/image.ashx?id=2555316&use=l&cat=p&typeid=i","cat":286032},{"id":180135,"n":"Vin de France Cambras Merlot  Cabernet Sauvignon Rosé 5L","p":13.1,"u":"262,00 €/L","img":"https://fd8-photos.leclercdrive.fr/image.ashx?id=2702810&use=l&cat=p&typeid=i","cat":289558},{"id":180150,"n":"Crème de coco - brique de 400ml","p":2.01,"u":"5,03 €/L","img":"https://fd8-photos.leclercdrive.fr/image.ashx?id=2906901&use=l&cat=p&typeid=i","cat":288992},{"id":180153,"n":"Gâche des gourmands tranchée La Fournée dorée - 450g","p":2.88,"u":"6,40 €/KG","img":"https://fd8-photos.leclercdrive.fr/image.ashx?id=2424557&use=l&cat=p&typeid=i","cat":284478},{"id":180155,"n":"Chewing-gum Freedent White Fraise 5x10 dragées - 70g","p":1.92,"u":"27,43 €/KG","img":"https://fd8-photos.leclercdrive.fr/image.ashx?id=2330359&use=l&cat=p&typeid=i","cat":304251},{"id":180157,"n":"Gelée de Groseilles Bonne Maman - 370g","p":1.68,"u":"4,54 €/KG","img":"https://fd8-photos.leclercdrive.fr/image.ashx?id=2482975&use=l&cat=p&typeid=i","cat":284480},{"id":180167,"n":"Complément alimentaire Juvamine magnésium marin + vit B6 x30","p":3.26,"img":"https://fd8-photos.leclercdrive.fr/image.ashx?id=2745643&use=l&cat=p&typeid=i","cat":313217},{"id":180178,"n":"Quenelles de brochet  Petit Jean - 400g","p":2.25,"u":"5,63 €/KG","img":"https://fd8-photos.leclercdrive.fr/image.ashx?id=2677228&use=l&cat=p&typeid=i","cat":284441},{"id":180179,"n":"Sauce tomate aux champignons  Panzani Bolets et cèpes - 210g","p":1.91,"u":"9,10 €/KG","img":"https://fd8-photos.leclercdrive.fr/image.ashx?id=2880676&use=l&cat=p&typeid=i","cat":299047},{"id":180180,"n":"Ramen Tanoshi saveur boeuf nouilles japonaises - 360g","p":3.16,"u":"8,78 €/KG","img":"https://fd8-photos.leclercdrive.fr/image.ashx?id=2922974&use=l&cat=p&typeid=i","cat":288992},{"id":180181,"n":"Sardines à l'huile d'olive Connétable - 135g","p":2.54,"u":"18,81 €/KG","img":"https://fd8-photos.leclercdrive.fr/image.ashx?id=2762115&use=l&cat=p&typeid=i","cat":305146},{"id":180182,"n":"Sardines Connétable huile  d'olive piment de Cayenne -135g","p":2.49,"u":"18,44 €/KG","img":"https://fd8-photos.leclercdrive.fr/image.ashx?id=2902714&use=l&cat=p&typeid=i","cat":305146},{"id":180183,"n":"Sardines Connétable sauce aux   tomates séchées - 135g","p":2.75,"u":"20,37 €/KG","img":"https://fd8-photos.leclercdrive.fr/image.ashx?id=2902717&use=l&cat=p&typeid=i","cat":305146},{"id":180184,"n":"Sardines Connétable marinade citron-basilic sans huile -140g","p":1.59,"u":"11,36 €/KG","img":"https://fd8-photos.leclercdrive.fr/image.ashx?id=2797858&use=l&cat=p&typeid=i","cat":305146},{"id":180187,"n":"Sauce Pesto Tomates Basilic Panzani - 200G","p":1.95,"u":"9,75 €/KG","img":"https://fd8-photos.leclercdrive.fr/image.ashx?id=2977930&use=l&cat=p&typeid=i","cat":287599},{"id":180193,"n":"Soupe déshydratée Knorr Cèpes  champignons  - 75cl","p":2.14,"u":"23,52 €/KG","img":"https://fd8-photos.leclercdrive.fr/image.ashx?id=2790318&use=l&cat=p&typeid=i","cat":284463},{"id":180194,"n":"Tartinades de thon Petit Navire Tomates séchées thym - 125G","p":1.65,"u":"13,20 €/KG","img":"https://fd8-photos.leclercdrive.fr/image.ashx?id=2522566&use=l&cat=p&typeid=i","cat":303867},{"id":180196,"n":"Brioches Pitch  Pomme poire - x8 - 300g","p":2.85,"u":"9,50 €/KG","img":"https://fd8-photos.leclercdrive.fr/image.ashx?id=2454100&use=l&cat=p&typeid=i","cat":293505},{"id":180197,"n":"Langue Pik Haribo Sachet bonbons acidulés - 180g","p":1.8,"u":"10,00 €/KG","img":"https://fd8-photos.leclercdrive.fr/image.ashx?id=2984949&use=l&cat=p&typeid=i","cat":304250},{"id":180199,"n":"Pandawaï Pik Haribo Sachet bonbons acidulés - 200g","p":1.39,"u":"6,95 €/KG","img":"https://fd8-photos.leclercdrive.fr/image.ashx?id=2806120&use=l&cat=p&typeid=i","cat":304250},{"id":180201,"n":"Thé Earl Grey Twinings 50 sachets - 100g","p":4.39,"u":"43,90 €/KG","img":"https://fd8-photos.leclercdrive.fr/image.ashx?id=2893018&use=l&cat=p&typeid=i","cat":293233},{"id":180202,"n":"Purée de tomate Panzani Tomacouli ail & herbes - 500g","p":1.65,"u":"3,30 €/KG","img":"https://fd8-photos.leclercdrive.fr/image.ashx?id=2890610&use=l&cat=p&typeid=i","cat":288384},{"id":180207,"n":"Les Arrangés Divins - Eden Bio Bio 28,7% 70cl","p":27.25,"u":"38,93 €/L","img":"https://fd8-photos.leclercdrive.fr/image.ashx?id=2330688&use=l&cat=p&typeid=i","cat":286032},{"id":180227,"n":"Les Arrangés Divins Adrénaline Ananas Citron poivre - 70cl","p":27.96,"u":"39,94 €/L","img":"https://fd8-photos.leclercdrive.fr/image.ashx?id=2330691&use=l&cat=p&typeid=i","cat":284550},{"id":180233,"n":"Crème de marrons vanille  Douceur du Verger - 500g","p":2.12,"u":"4,24 €/KG","img":"https://fd8-photos.leclercdrive.fr/image.ashx?id=2691471&use=l&cat=p&typeid=i","cat":284506},{"id":180241,"n":"Sucre glace Saint Louis - 1kg","p":3.15,"u":"3,15 €/KG","img":"https://fd8-photos.leclercdrive.fr/image.ashx?id=2939382&use=l&cat=p&typeid=i","cat":284502},{"id":180247,"n":"Double concentré de tomates  Eco+ - 440g","p":1.31,"u":"2,98 €/KG","img":"https://fd8-photos.leclercdrive.fr/image.ashx?id=3012370&use=l&cat=p&typeid=i","cat":288384},{"id":180274,"n":"Chips Vico Poulet rôti - 125g","p":1.12,"u":"8,96 €/KG","img":"https://fd8-photos.leclercdrive.fr/image.ashx?id=2921295&use=l&cat=p&typeid=i","cat":284447},{"id":180278,"n":"Sauce tomate pour pizza Zapetti - 300g","p":0.95,"u":"3,17 €/KG","img":"https://fd8-photos.leclercdrive.fr/image.ashx?id=2579990&use=l&cat=p&typeid=i","cat":288384},{"id":180284,"n":"Brownie St Michel au chocolat ultra fondant - 240g","p":1.8,"u":"7,50 €/KG","img":"https://fd8-photos.leclercdrive.fr/image.ashx?id=2936167&use=l&cat=p&typeid=i","cat":294776},{"id":180302,"n":"Biscuits Palmier St Michel  au beurre - 87g","p":1.13,"u":"12,99 €/KG","img":"https://fd8-photos.leclercdrive.fr/image.ashx?id=2555379&use=l&cat=p&typeid=i","cat":284487},{"id":180303,"n":"Biscuits galettes St Michel au  beurre 1905 - 150g","p":1.49,"u":"9,93 €/KG","img":"https://fd8-photos.leclercdrive.fr/image.ashx?id=2937766&use=l&cat=p&typeid=i","cat":284487},{"id":180304,"n":"Semoule de couscous moyen Eco+ - 1kg","p":1.05,"u":"1,05 €/KG","img":"https://fd8-photos.leclercdrive.fr/image.ashx?id=2690823&use=l&cat=p&typeid=i","cat":284429},{"id":180308,"n":"Spray Freeze Raid Essentials Anti Fourmis et Cafards - 350ml","p":4.87,"u":"13,91 €/L","img":"https://fd8-photos.leclercdrive.fr/image.ashx?id=2331020&use=l&cat=p&typeid=i","cat":298368},{"id":180311,"n":"Double concentré de tomates  Eco+ - 200g","p":1.22,"u":"6,10 €/KG","img":"https://fd8-photos.leclercdrive.fr/image.ashx?id=2794820&use=l&cat=p&typeid=i","cat":288384},{"id":180317,"n":"Pistaches non salées Tokapi 125g","p":2.33,"u":"18,64 €/KG","img":"https://fd8-photos.leclercdrive.fr/image.ashx?id=2793302&use=l&cat=p&typeid=i","cat":284448},{"id":180321,"n":"Palmiers feuilletés Tokapi olive - 75g","p":1.84,"u":"24,53 €/KG","img":"https://fd8-photos.leclercdrive.fr/image.ashx?id=2331243&use=l&cat=p&typeid=i","cat":297000},{"id":180334,"n":"Spray Freeze Pyrel Fourmis et cafards - 350ml","p":6.19,"u":"17,69 €/L","img":"https://fd8-photos.leclercdrive.fr/image.ashx?id=2336419&use=l&cat=p&typeid=i","cat":298368},{"id":180335,"n":"Chocolat noir Poulain extra-fin à cuisiner - 2x180g","p":4.07,"u":"11,31 €/KG","img":"https://fd8-photos.leclercdrive.fr/image.ashx?id=2986672&use=l&cat=p&typeid=i","cat":284956},{"id":180336,"n":"Répulsif Corporel Spray Autan Anti Tiques - 100 ml","p":7.87,"u":"78,70 €/L","img":"https://fd8-photos.leclercdrive.fr/image.ashx?id=2791587&use=l&cat=p&typeid=i","cat":298368},{"id":180344,"n":"Fromage enfant Mini Babybel 6 portions goûter - 132g","p":2.39,"u":"18,11 €/KG","img":"https://fd8-photos.leclercdrive.fr/image.ashx?id=2970822&use=l&cat=p&typeid=i","cat":314030},{"id":180345,"n":"Fromage enfant Mini Babybel 12 portions goûter - 264g","p":4.35,"u":"16,48 €/KG","img":"https://fd8-photos.leclercdrive.fr/image.ashx?id=2970825&use=l&cat=p&typeid=i","cat":314030},{"id":180347,"n":"Chips Pom'lisse nature sans sel - 125g","p":1.19,"u":"9,52 €/KG","img":"https://fd8-photos.leclercdrive.fr/image.ashx?id=2919661&use=l&cat=p&typeid=i","cat":284447},{"id":180350,"n":"Vinaigre d'alcool Bio Village  blanc 8% Bio - 1L","p":1.05,"u":"1,05 €/L","img":"https://fd8-photos.leclercdrive.fr/image.ashx?id=2869528&use=l&cat=p&typeid=i","cat":325365},{"id":180366,"n":"Pâte à tartiner NRT Noisettes - 400g","p":4.67,"u":"11,68 €/KG","img":"https://fd8-photos.leclercdrive.fr/image.ashx?id=2791123&use=l&cat=p&typeid=i","cat":284481},{"id":180391,"n":"Bonbons Lutti Fili Dooo XL Fraise - 180g","p":2.09,"u":"11,61 €/KG","img":"https://fd8-photos.leclercdrive.fr/image.ashx?id=2817449&use=l&cat=p&typeid=i","cat":304250},{"id":180392,"n":"Bonbons Lutti Pokémon fizz - 180g","p":1.31,"u":"7,28 €/KG","img":"https://fd8-photos.leclercdrive.fr/image.ashx?id=2806150&use=l&cat=p&typeid=i","cat":304250},{"id":180395,"n":"Dragées M&M'S chocolat caramel salé - 176g","p":3.15,"u":"17,90 €/KG","img":"https://fd8-photos.leclercdrive.fr/image.ashx?id=2331267&use=l&cat=p&typeid=i","cat":304238},{"id":180397,"n":"Barres Chocolatées KINDER BUENO  Chocolat au Lait x3 - 129g","p":2.26,"u":"17,52 €/KG","img":"https://fd8-photos.leclercdrive.fr/image.ashx?id=2762295&use=l&cat=p&typeid=i","cat":284498},{"id":180400,"n":"Tablette RAFFAELLO Noix de coco Amandes - 90g","p":1.89,"u":"21,00 €/KG","img":"https://fd8-photos.leclercdrive.fr/image.ashx?id=2676837&use=l&cat=p&typeid=i","cat":284957},{"id":180401,"n":"Mayonnaise Bénédicta Nature - 255g","p":1.48,"u":"5,80 €/KG","img":"https://fd8-photos.leclercdrive.fr/image.ashx?id=2658734&use=l&cat=p&typeid=i","cat":298295},{"id":180405,"n":"Thon au Naturel Petit Navire 2x112g","p":4.15,"u":"18,53 €/KG","img":"https://fd8-photos.leclercdrive.fr/image.ashx?id=2944618&use=l&cat=p&typeid=i","cat":303867},{"id":180410,"n":"Savane Brossard Pocket max pépites chocolat x7 - 210g","p":2.55,"u":"12,14 €/KG","img":"https://fd8-photos.leclercdrive.fr/image.ashx?id=2870734&use=l&cat=p&typeid=i","cat":294776},{"id":180414,"n":"Chips Tuiles Pringles Pizza - 175g","p":2.49,"u":"14,23 €/KG","img":"https://fd8-photos.leclercdrive.fr/image.ashx?id=2661748&use=l&cat=p&typeid=i","cat":287899},{"id":180418,"n":"Pois chiches Sultanines 530g","p":1.79,"u":"3,38 €/KG","img":"https://fd8-photos.leclercdrive.fr/image.ashx?id=2331363&use=l&cat=p&typeid=i","cat":312609},{"id":180421,"n":"Bûchettes de sucre Saint Louis 4g x 125 - coffret de 500g","p":2.99,"u":"5,98 €/KG","img":"https://fd8-photos.leclercdrive.fr/image.ashx?id=2331387&use=l&cat=p&typeid=i","cat":284502},{"id":180432,"n":"Thé noir Twinings vanille x20 - 32g","p":2.75,"u":"85,94 €/KG","img":"https://fd8-photos.leclercdrive.fr/image.ashx?id=2893057&use=l&cat=p&typeid=i","cat":293233},{"id":180433,"n":"Sérum Physiologique  Mercurochrome 30x5ml","p":4.39,"u":"29,27 €/L","img":"https://fd8-photos.leclercdrive.fr/image.ashx?id=2731474&use=l&cat=p&typeid=i","cat":284741},{"id":180453,"n":"Thé glacé Fuze Tea  Pêche Intense - 6x33cl","p":3.93,"u":"1,98 €/L","img":"https://fd8-photos.leclercdrive.fr/image.ashx?id=2940405&use=l&cat=p&typeid=i","cat":295019},{"id":180498,"n":"Chips ancienne nature Lay's Sel - 155g","p":1.35,"u":"8,71 €/KG","img":"https://fd8-photos.leclercdrive.fr/image.ashx?id=2996596&use=l&cat=p&typeid=i","cat":284447},{"id":180511,"n":"Vin orange Genora bio 13% - 75cl","p":11.64,"u":"15,52 €/L","img":"https://fd8-photos.leclercdrive.fr/image.ashx?id=2676069&use=l&cat=p&typeid=i","cat":289557},{"id":180522,"n":"Sirop de grenadine Maison Guiot Saveur vanille Bourbon - 70cl","p":2.45,"u":"3,50 €/L","img":"https://fd8-photos.leclercdrive.fr/image.ashx?id=2857180&use=l&cat=p&typeid=i","cat":295020},{"id":180545,"n":"Serviettes hygiéniques Nana Ultra - Régulier+ - x14","p":2.36,"u":"0,17 €/P","img":"https://fd8-photos.leclercdrive.fr/image.ashx?id=3011881&use=l&cat=p&typeid=i","cat":284624},{"id":180546,"n":"Serviettes Ultra Régulier+ Nana Deo Ailettes Flux modéré - x14","p":2.44,"u":"0,17 €/P","img":"https://fd8-photos.leclercdrive.fr/image.ashx?id=2767225&use=l&cat=p&typeid=i","cat":284624},{"id":180547,"n":"Serviettes hygiéniques Nana Ultra - Régulier- x16","p":1.28,"u":"0,08 €/P","img":"https://fd8-photos.leclercdrive.fr/image.ashx?id=3000860&use=l&cat=p&typeid=i","cat":284624},{"id":180549,"n":"Serviettes Ultra Régulier Nana Deo Ailettes Flux modéré - x28","p":4.37,"u":"0,16 €/P","img":"https://fd8-photos.leclercdrive.fr/image.ashx?id=3005299&use=l&cat=p&typeid=i","cat":284624},{"id":180550,"n":"Serviettes hygiéniques Nana Ultra - Spécial Nuit - x10","p":2.21,"u":"0,22 €/P","img":"https://fd8-photos.leclercdrive.fr/image.ashx?id=2944990&use=l&cat=p&typeid=i","cat":284624},{"id":180551,"n":"Serviettes hygiéniques Nana Ultra - Spécial Nuit - x20","p":3.45,"u":"0,17 €/P","img":"https://fd8-photos.leclercdrive.fr/image.ashx?id=2756401&use=l&cat=p&typeid=i","cat":284624},{"id":180552,"n":"Soda à l'orange Orangina 6x25cl verre","p":5.69,"u":"3,79 €/L","img":"https://fd8-photos.leclercdrive.fr/image.ashx?id=2476431&use=l&cat=p&typeid=i","cat":284532},{"id":180553,"n":"Sirop de pêche Bio Village Bio - 50cl","p":2.55,"u":"5,10 €/L","img":"https://fd8-photos.leclercdrive.fr/image.ashx?id=2873198&use=l&cat=p&typeid=i","cat":295020},{"id":180554,"n":"Sirop de cassis Bio Village Bio - 50cl","p":2.98,"u":"5,96 €/L","img":"https://fd8-photos.leclercdrive.fr/image.ashx?id=2873201&use=l&cat=p&typeid=i","cat":295020},{"id":180556,"n":"Sirop de Citron Bio Village Bio - 50cl","p":2.29,"u":"4,58 €/L","img":"https://fd8-photos.leclercdrive.fr/image.ashx?id=2873192&use=l&cat=p&typeid=i","cat":295020},{"id":180563,"n":"Viande des Grisons Aoste 10 Tranches - 70g","p":5.35,"u":"76,43 €/KG","img":"https://fd8-photos.leclercdrive.fr/image.ashx?id=2939838&use=l&cat=p&typeid=i","cat":316007},{"id":180568,"n":"Tracteur à pédales Supercharger vert","p":74.58,"img":"https://fd8-photos.leclercdrive.fr/image.ashx?id=2332844&use=l&cat=p&typeid=i","cat":334381},{"id":180570,"n":"Brouette jardin garnie","p":18.0,"img":"https://fd8-photos.leclercdrive.fr/image.ashx?id=2377019&use=l&cat=p&typeid=i","cat":334379},{"id":180580,"n":"Petit jardinier","p":13.45,"img":"https://fd8-photos.leclercdrive.fr/image.ashx?id=2377034&use=l&cat=p&typeid=i","cat":334381},{"id":180587,"n":"Arbalète","p":25.2,"u":"0,06 €/GR","img":"https://fd8-photos.leclercdrive.fr/image.ashx?id=2333468&use=l&cat=p&typeid=i","cat":334381},{"id":180594,"n":"Croquet 4 joueurs  sur chariot métallique","p":28.6,"u":"12,43 €/KG","img":"https://fd8-photos.leclercdrive.fr/image.ashx?id=2333462&use=l&cat=p&typeid=i","cat":334381},{"id":180601,"n":"Jeu de pétanque en bois 6 boules avec sac de rangement","p":13.0,"u":"16,25 €/KG","img":"https://fd8-photos.leclercdrive.fr/image.ashx?id=2333465&use=l&cat=p&typeid=i","cat":334381},{"id":180786,"n":"Moutarde de Dijon Jardin Bio Forte bio - 350g","p":2.24,"u":"6,40 €/KG","img":"https://fd8-photos.leclercdrive.fr/image.ashx?id=2340216&use=l&cat=p&typeid=i","cat":288850},{"id":180797,"n":"Mouchoirs UltraSoft Kleenex® Boîte x64","p":2.09,"img":"https://fd8-photos.leclercdrive.fr/image.ashx?id=2853350&use=l&cat=p&typeid=i","cat":284638},{"id":180800,"n":"Lait Corps Le Petit Marseillais  Bio miel argan - 250ml","p":5.99,"u":"23,96 €/L","img":"https://fd8-photos.leclercdrive.fr/image.ashx?id=2904856&use=l&cat=p&typeid=i","cat":325349},{"id":180803,"n":"Lait Corps Le Petit Marseillais  Bio amande douce - 250ml","p":6.56,"u":"26,24 €/L","img":"https://fd8-photos.leclercdrive.fr/image.ashx?id=2339751&use=l&cat=p&typeid=i","cat":null},{"id":180872,"n":"Miettes de thon huile d'olive 2x160g","p":6.42,"u":"20,06 €/KG","img":"https://fd8-photos.leclercdrive.fr/image.ashx?id=2340509&use=l&cat=p&typeid=i","cat":303867},{"id":181242,"n":"Cahier de texte pat'patrouille","p":3.2,"img":"https://fd8-photos.leclercdrive.fr/image.ashx?id=2353599&use=l&cat=p&typeid=i","cat":334133},{"id":181244,"n":"Cahier de texte spirit","p":1.9,"img":"https://fd8-photos.leclercdrive.fr/image.ashx?id=2353596&use=l&cat=p&typeid=i","cat":334133},{"id":181288,"n":"Chemise fortnite chemise 3 rabats - noire","p":3.5,"img":"https://fd8-photos.leclercdrive.fr/image.ashx?id=2378985&use=l&cat=p&typeid=i","cat":284745},{"id":181289,"n":"Chemise fortnite 3 rabats - orange","p":3.5,"img":"https://fd8-photos.leclercdrive.fr/image.ashx?id=2378988&use=l&cat=p&typeid=i","cat":284745},{"id":181742,"n":"Lait Corps Le Petit Marseillais  Bio fleur d'oranger - 250ml","p":4.79,"u":"19,16 €/L","img":"https://fd8-photos.leclercdrive.fr/image.ashx?id=2341591&use=l&cat=p&typeid=i","cat":null},{"id":181760,"n":"Shampoing Le Petit Marseillais  Bio citron & aloe vera-250 ml","p":4.59,"u":"19,13 €/L","img":"https://fd8-photos.leclercdrive.fr/image.ashx?id=2685168&use=l&cat=p&typeid=i","cat":284606},{"id":181761,"n":"Shampoing Le Petit Marseillais  Bio pomme & aloe vera - 250ml","p":4.69,"u":"19,54 €/L","img":"https://fd8-photos.leclercdrive.fr/image.ashx?id=2684194&use=l&cat=p&typeid=i","cat":284606},{"id":181959,"n":"Mélange charbon de bois et  briquettes Beaux Jours 24L","p":11.15,"u":"0,46 €/L","img":"https://fd8-photos.leclercdrive.fr/image.ashx?id=2341245&use=l&cat=p&typeid=i","cat":335917},{"id":181962,"n":"Lave glace été Eco+ 5 L","p":1.97,"u":"0,39 €/L","img":"https://fd8-photos.leclercdrive.fr/image.ashx?id=2499519&use=l&cat=p&typeid=i","cat":298252},{"id":181968,"n":"Filet noix sèches 1kg","p":2.7,"u":"2,70 €/KG","img":"https://fd8-photos.leclercdrive.fr/image.ashx?id=2520488&use=l&cat=p&typeid=i","cat":284357},{"id":182013,"n":"Café Moulu  Espresso - Méo - 1kg","p":16.5,"u":"16,50 €/KG","img":"https://fd8-photos.leclercdrive.fr/image.ashx?id=2571293&use=l&cat=p&typeid=i","cat":284750},{"id":182047,"n":"Jambon de Bayonne Saint Azay 6 tranches - 150g","p":3.72,"u":"24,80 €/KG","img":"https://fd8-photos.leclercdrive.fr/image.ashx?id=2342190&use=l&cat=p&typeid=i","cat":316007},{"id":182071,"n":"Croquettes chien Ultima Mini Adulte poulet - 1.35kg","p":4.58,"u":"3,39 €/KG","img":"https://fd8-photos.leclercdrive.fr/image.ashx?id=2926645&use=l&cat=p&typeid=i","cat":294526},{"id":182083,"n":"Rillettes de thon Petit Navire  Maxi format - 220g","p":2.98,"u":"13,55 €/KG","img":"https://fd8-photos.leclercdrive.fr/image.ashx?id=2519675&use=l&cat=p&typeid=i","cat":303867},{"id":182098,"n":"Panés Mozzarella Grand Fermage 100g","p":2.59,"u":"25,90 €/KG","img":"https://fd8-photos.leclercdrive.fr/image.ashx?id=2645209&use=l&cat=p&typeid=i","cat":314027},{"id":182107,"n":"DOC Prosecco Perlino vin Pétillant rosé - 75cl","p":6.25,"u":"8,33 €/L","img":"https://fd8-photos.leclercdrive.fr/image.ashx?id=2612784&use=l&cat=p&typeid=i","cat":289461},{"id":182152,"n":"Emmental râpé fondant Président 350g","p":3.7,"u":"10,57 €/KG","img":"https://fd8-photos.leclercdrive.fr/image.ashx?id=2490599&use=l&cat=p&typeid=i","cat":314035},{"id":182171,"n":"Pâté pur Porc Hénaff Ail & Fines Herbes - 3x76g","p":3.0,"u":"13,16 €/KG","img":"https://fd8-photos.leclercdrive.fr/image.ashx?id=2343336&use=l&cat=p&typeid=i","cat":305149},{"id":182179,"n":"Boisson aux fruits Oasis Tropical - 1,5L","p":2.2,"u":"1,47 €/L","img":"https://fd8-photos.leclercdrive.fr/image.ashx?id=2666698&use=l&cat=p&typeid=i","cat":295018},{"id":182180,"n":"Sirop de Grenadine Bio Village Bio - 50cl","p":2.45,"u":"4,90 €/L","img":"https://fd8-photos.leclercdrive.fr/image.ashx?id=2931947&use=l&cat=p&typeid=i","cat":295020},{"id":182181,"n":"Sirop de Menthe Bio Village Bio - 50cl","p":2.45,"u":"4,90 €/L","img":"https://fd8-photos.leclercdrive.fr/image.ashx?id=2873189&use=l&cat=p&typeid=i","cat":295020},{"id":182218,"n":"Chips paysanne nature Lay's Sel - 155g","p":1.41,"u":"9,10 €/KG","img":"https://fd8-photos.leclercdrive.fr/image.ashx?id=2818602&use=l&cat=p&typeid=i","cat":284447},{"id":182259,"n":"Chips ancienne nature Lay's Sel format familial - 295g","p":2.51,"u":"8,51 €/KG","img":"https://fd8-photos.leclercdrive.fr/image.ashx?id=2999243&use=l&cat=p&typeid=i","cat":284447},{"id":182260,"n":"Chips paysanne nature Lay's Sel format familial - 295g","p":2.49,"u":"8,44 €/KG","img":"https://fd8-photos.leclercdrive.fr/image.ashx?id=2848716&use=l&cat=p&typeid=i","cat":284447},{"id":182266,"n":"Shampooing sec Batiste Original - 200ml","p":3.75,"u":"18,75 €/L","img":"https://fd8-photos.leclercdrive.fr/image.ashx?id=2344046&use=l&cat=p&typeid=i","cat":289143},{"id":182267,"n":"Shampooing sec Batiste Blush - 200ml","p":3.29,"u":"16,45 €/L","img":"https://fd8-photos.leclercdrive.fr/image.ashx?id=2630454&use=l&cat=p&typeid=i","cat":289143},{"id":182308,"n":"Ampoules Led Philips 40W B35 E14 Blanc Chaud - x3","p":11.85,"u":"Dont 0,86 € d'éco-part.","img":"https://fd8-photos.leclercdrive.fr/image.ashx?id=2507515&use=l&cat=p&typeid=i","cat":300573},{"id":182312,"n":"Ampoules Led Philips 50W GU10 Blanc Chaud - x3","p":13.44,"u":"Dont 0,86 € d'éco-part.","img":"https://fd8-photos.leclercdrive.fr/image.ashx?id=2507527&use=l&cat=p&typeid=i","cat":300573},{"id":182315,"n":"Rillettes de thon Petit Navire Olives vertes - 125g","p":1.46,"u":"11,68 €/KG","img":"https://fd8-photos.leclercdrive.fr/image.ashx?id=2523924&use=l&cat=p&typeid=i","cat":303867},{"id":182340,"n":"Lait en poudre Guigoz Optipro 2ème âge - 6-12 mois - 830g","p":15.24,"u":"18,36 €/KG","img":"https://fd8-photos.leclercdrive.fr/image.ashx?id=2737747&use=l&cat=p&typeid=i","cat":284727},{"id":182342,"n":"Lait bébé en poudre Guigoz Gest 2ème âge - 6-12 mois - 830g","p":18.07,"u":"21,77 €/KG","img":"https://fd8-photos.leclercdrive.fr/image.ashx?id=2469478&use=l&cat=p&typeid=i","cat":284727},{"id":182364,"n":"Jambon sec Saint Azay Label Rouge - 6 tranches - 100g","p":3.69,"u":"36,90 €/KG","img":"https://fd8-photos.leclercdrive.fr/image.ashx?id=2345845&use=l&cat=p&typeid=i","cat":316007},{"id":182367,"n":"Merguez Halal Al Qassab x6 - 330g","p":6.15,"u":"18,64 €/KG","img":"https://fd8-photos.leclercdrive.fr/image.ashx?id=2346299&use=l&cat=p&typeid=i","cat":284334},{"id":182373,"n":"Skyr Siggi's  Mangue Passion - 2x140g","p":2.15,"u":"7,68 €/KG","img":"https://fd8-photos.leclercdrive.fr/image.ashx?id=2792027&use=l&cat=p&typeid=i","cat":315000},{"id":182392,"n":"Soda Coca-Cola sans sucres Sans caféine - 6x33cl","p":3.72,"u":"1,88 €/L","img":"https://fd8-photos.leclercdrive.fr/image.ashx?id=2997232&use=l&cat=p&typeid=i","cat":284530},{"id":182395,"n":"Soda Coca-Cola original Bouteille en verre- 75cl","p":2.82,"u":"3,76 €/L","img":"https://fd8-photos.leclercdrive.fr/image.ashx?id=3014874&use=l&cat=p&typeid=i","cat":284530},{"id":182402,"n":"Sirop de fraise Bio Village Bio - 50cl","p":2.55,"u":"5,10 €/L","img":"https://fd8-photos.leclercdrive.fr/image.ashx?id=2873195&use=l&cat=p&typeid=i","cat":295020},{"id":182432,"n":"Poupée Ruby Anderson Rainbow High Junior - dès 6 ans","p":31.15,"pp":20.56,"u":"20,56 €/PRT","img":"https://fd8-photos.leclercdrive.fr/image.ashx?id=2523801&use=l&cat=p&typeid=i","cat":334379},{"id":182433,"n":"Figurine Buzz Alpha Lightyear Mattel 30cm - Dès 3 ans","p":16.0,"pp":10.56,"img":"https://fd8-photos.leclercdrive.fr/image.ashx?id=2346630&use=l&cat=p&typeid=i","cat":334380},{"id":182434,"n":"Dino Blue Jurassic World  Goo Jit Zu - 14cm - Dès 4 ans","p":19.64,"pp":12.96,"img":"https://fd8-photos.leclercdrive.fr/image.ashx?id=2346209&use=l&cat=p&typeid=i","cat":334380},{"id":182435,"n":"Dino T-Rex Jurassic World  Goo Jit Zu - 14cm - Dès 4 ans","p":18.02,"pp":11.89,"u":"11,89 €/PRT","img":"https://fd8-photos.leclercdrive.fr/image.ashx?id=2346212&use=l&cat=p&typeid=i","cat":334380},{"id":182436,"n":"Dino Pyroraptor Jurassic World Goo Jit Zu - 14cm - Dès 4 ans","p":19.45,"pp":12.84,"img":"https://fd8-photos.leclercdrive.fr/image.ashx?id=2346215&use=l&cat=p&typeid=i","cat":334380},{"id":182437,"n":"Dino Giganotosaurus Jurassic Wo Goo Jit Zu - 14cm - Dès 4 ans","p":17.72,"pp":11.7,"img":"https://fd8-photos.leclercdrive.fr/image.ashx?id=2346218&use=l&cat=p&typeid=i","cat":334380},{"id":182439,"n":"Figurines Harry & Ginny Wizarding World - Dès 5 ans","p":18.39,"pp":12.14,"img":"https://fd8-photos.leclercdrive.fr/image.ashx?id=2346224&use=l&cat=p&typeid=i","cat":334380},{"id":182440,"n":"Figurines Luna & Cho Wizarding World - Dès 5 ans","p":24.98,"pp":16.49,"img":"https://fd8-photos.leclercdrive.fr/image.ashx?id=2346227&use=l&cat=p&typeid=i","cat":334380},{"id":182442,"n":"Camion poubelle Playmobil City Life - Dès 4 ans","p":32.61,"img":"https://fd8-photos.leclercdrive.fr/image.ashx?id=2346419&use=l&cat=p&typeid=i","cat":334380},{"id":182443,"n":"Mini VIP Pets  Spring Vibes - Dès 3 ans","p":13.77,"img":"https://fd8-photos.leclercdrive.fr/image.ashx?id=2525956&use=l&cat=p&typeid=i","cat":334380},{"id":182444,"n":"Super Sand Backpack Dinosaurs Goliath - Dès 3 ans","p":26.66,"img":"https://fd8-photos.leclercdrive.fr/image.ashx?id=2346578&use=l&cat=p&typeid=i","cat":334381},{"id":182445,"n":"Ka-Blab Hasbro Gaming  Dès 10 ans","p":25.6,"u":"Dont 0,02 € d'éco-part.","img":"https://fd8-photos.leclercdrive.fr/image.ashx?id=2346431&use=l&cat=p&typeid=i","cat":334378},{"id":182446,"n":"Mon Premier Monopoly Hasbro Gaming - Dès 4 ans","p":21.9,"img":"https://fd8-photos.leclercdrive.fr/image.ashx?id=2346434&use=l&cat=p&typeid=i","cat":334378},{"id":182448,"n":"Morgan équitation Kidway - Dès 3 ans","p":9.9,"img":"https://fd8-photos.leclercdrive.fr/image.ashx?id=2354281&use=l&cat=p&typeid=i","cat":334379},{"id":182451,"n":"Morgan Sirène Kidway - Dès 3 ans","p":10.9,"img":"https://fd8-photos.leclercdrive.fr/image.ashx?id=2354290&use=l&cat=p&typeid=i","cat":334379},{"id":182460,"n":"Pâtes de semoule Rigatoni N°24 - 500g","p":0.88,"u":"1,76 €/KG","img":"https://fd8-photos.leclercdrive.fr/image.ashx?id=2348186&use=l&cat=p&typeid=i","cat":284427},{"id":182465,"n":"Bière sans alcool Tourtel Twist Ananas 0,0° - 6x27,5cl","p":4.79,"u":"2,90 €/L","img":"https://fd8-photos.leclercdrive.fr/image.ashx?id=2684925&use=l&cat=p&typeid=i","cat":334877},{"id":182476,"n":"Morgan Kidway - Dès 3 ans","p":3.99,"img":"https://fd8-photos.leclercdrive.fr/image.ashx?id=2354284&use=l&cat=p&typeid=i","cat":334379},{"id":182478,"n":"Morgan Tenue de mode Kidway - Dès 3 ans","p":3.49,"img":"https://fd8-photos.leclercdrive.fr/image.ashx?id=2354287&use=l&cat=p&typeid=i","cat":334379},{"id":182480,"n":"Lait bébé en poudre Guigoz Gest 1er âge - 0-6 mois - 830g","p":19.02,"u":"22,92 €/KG","img":"https://fd8-photos.leclercdrive.fr/image.ashx?id=2895047&use=l&cat=p&typeid=i","cat":284726},{"id":182490,"n":"Lait bébé Guigoz Pelargon Poudre- 2e âge- 6-12 mois -780g","p":18.05,"u":"23,14 €/KG","img":"https://fd8-photos.leclercdrive.fr/image.ashx?id=2347386&use=l&cat=p&typeid=i","cat":284727},{"id":182491,"n":"Paw Patrol Seau MM Garni  Arrosoir","p":5.43,"img":"https://fd8-photos.leclercdrive.fr/image.ashx?id=2352510&use=l&cat=p&typeid=i","cat":334381},{"id":182494,"n":"Minnie Seau MM Garni","p":5.36,"img":"https://fd8-photos.leclercdrive.fr/image.ashx?id=2346714&use=l&cat=p&typeid=i","cat":334381},{"id":182499,"n":"Frozen Seau MM Garni","p":5.64,"img":"https://fd8-photos.leclercdrive.fr/image.ashx?id=2346720&use=l&cat=p&typeid=i","cat":334381},{"id":182514,"n":"Ballon La Reine des Neiges \"bio\" Ø 230 en PV","p":3.62,"img":"https://fd8-photos.leclercdrive.fr/image.ashx?id=2347347&use=l&cat=p&typeid=i","cat":334381},{"id":182519,"n":"Croquettes petit chien Ultima  Adulte bœuf - 1,35kg","p":4.58,"u":"3,39 €/KG","img":"https://fd8-photos.leclercdrive.fr/image.ashx?id=2921909&use=l&cat=p&typeid=i","cat":294526},{"id":182536,"n":"Ventilateur mécanique à bulles Gazillion Turbo Bulles","p":6.68,"pp":4.41,"img":"https://fd8-photos.leclercdrive.fr/image.ashx?id=2347450&use=l&cat=p&typeid=i","cat":334381},{"id":182537,"n":"Pistolet bulles géantes  Gazillion","p":14.87,"u":"Dont 0,05 € d'éco-part.","img":"https://fd8-photos.leclercdrive.fr/image.ashx?id=2347453&use=l&cat=p&typeid=i","cat":334381},{"id":182539,"n":"Machine à bulles Gazillion","p":13.48,"u":"Dont 0,20 € d'éco-part.","img":"https://fd8-photos.leclercdrive.fr/image.ashx?id=2347456&use=l&cat=p&typeid=i","cat":334381},{"id":182542,"n":"Céréales Oreo 350g","p":4.22,"u":"12,06 €/KG","img":"https://fd8-photos.leclercdrive.fr/image.ashx?id=2764583&use=l&cat=p&typeid=i","cat":309513},{"id":182544,"n":"Ballon Avengers \"bio\" Ø 230 en  PVC écologique","p":3.78,"img":"https://fd8-photos.leclercdrive.fr/image.ashx?id=2347489&use=l&cat=p&typeid=i","cat":334381},{"id":182554,"n":"Pistolet à fléchettes  Nerf Elite 2.0 Eaglepoint RD-8","p":27.99,"img":"https://fd8-photos.leclercdrive.fr/image.ashx?id=2348107&use=l&cat=p&typeid=i","cat":334381},{"id":182571,"n":"Briques de construction Bloko 200 briques - Dès 12 mois","p":22.14,"img":"https://fd8-photos.leclercdrive.fr/image.ashx?id=2348478&use=l&cat=p&typeid=i","cat":334380},{"id":182596,"n":"Minions \"bio\" Ø 230","p":4.26,"img":"https://fd8-photos.leclercdrive.fr/image.ashx?id=2347543&use=l&cat=p&typeid=i","cat":334381},{"id":182686,"n":"Ampoule LED E27 Standard Osram 7W = 60 w = 806 lumens x3","p":7.9,"u":"Dont 0,86 € d'éco-part.","img":"https://fd8-photos.leclercdrive.fr/image.ashx?id=2657583&use=l&cat=p&typeid=i","cat":300573},{"id":182687,"n":"Ampoule LED B22 Standard Osram 7W = 60 w = 806 lumens x3","p":7.9,"u":"Dont 0,86 € d'éco-part.","img":"https://fd8-photos.leclercdrive.fr/image.ashx?id=2654005&use=l&cat=p&typeid=i","cat":300573},{"id":182784,"n":"Bourbon Buffalo Trace Straigt 40% vol - 70cl","p":26.09,"u":"37,27 €/L","img":"https://fd8-photos.leclercdrive.fr/image.ashx?id=2348842&use=l&cat=p&typeid=i","cat":284547},{"id":182788,"n":"Togouchi finition Tourbée 70cl  40% vol.","p":42.17,"u":"60,24 €/L","img":"https://fd8-photos.leclercdrive.fr/image.ashx?id=2650102&use=l&cat=p&typeid=i","cat":284547},{"id":182792,"n":"Croquettes Ultima Junior Petit chien - 1.35kg","p":4.58,"u":"3,39 €/KG","img":"https://fd8-photos.leclercdrive.fr/image.ashx?id=2928903&use=l&cat=p&typeid=i","cat":294526},{"id":182799,"n":"Cumin Moulu Ducros 40g","p":1.59,"u":"39,75 €/KG","img":"https://fd8-photos.leclercdrive.fr/image.ashx?id=2983222&use=l&cat=p&typeid=i","cat":298297},{"id":182808,"n":"Croquettes chiens Ultima Mini Senior Agevital - 1.35kg","p":5.56,"u":"4,12 €/KG","img":"https://fd8-photos.leclercdrive.fr/image.ashx?id=2921918&use=l&cat=p&typeid=i","cat":294526},{"id":182820,"n":"Céréales Weetabix original  430g","p":2.35,"u":"5,47 €/KG","img":"https://fd8-photos.leclercdrive.fr/image.ashx?id=2853347&use=l&cat=p&typeid=i","cat":309512},{"id":182836,"n":"Gâteaux moelleux Brookie Milka Chocolat - 152g","p":2.33,"u":"15,33 €/KG","img":"https://fd8-photos.leclercdrive.fr/image.ashx?id=2836679&use=l&cat=p&typeid=i","cat":284495},{"id":182873,"n":"Sirop La Maison Guiot Noix de coco - 70cl","p":3.84,"u":"5,49 €/L","img":"https://fd8-photos.leclercdrive.fr/image.ashx?id=2349821&use=l&cat=p&typeid=i","cat":295020},{"id":182887,"n":"Fromage à tartiner Boursin Ail & fines herbes - 150g","p":2.2,"u":"14,67 €/KG","img":"https://fd8-photos.leclercdrive.fr/image.ashx?id=2964449&use=l&cat=p&typeid=i","cat":314029},{"id":182888,"n":"Lait bébé poudre Guigoz Optipro 1er âge - 0-6mois - 830g","p":16.53,"u":"19,92 €/KG","img":"https://fd8-photos.leclercdrive.fr/image.ashx?id=2806423&use=l&cat=p&typeid=i","cat":284726},{"id":182895,"n":"Badiane Sainte Lucie 15g","p":3.56,"u":"237,33 €/KG","img":"https://fd8-photos.leclercdrive.fr/image.ashx?id=2349782&use=l&cat=p&typeid=i","cat":298297},{"id":182908,"n":"Sauge Sainte Lucie feuilles coupées - 15g","p":1.81,"u":"120,67 €/KG","img":"https://fd8-photos.leclercdrive.fr/image.ashx?id=2349779&use=l&cat=p&typeid=i","cat":298297},{"id":182910,"n":"Curry thai bio Céréal Bio  Lentilles repas express - 240g","p":2.25,"u":"9,38 €/KG","img":"https://fd8-photos.leclercdrive.fr/image.ashx?id=2664079&use=l&cat=p&typeid=i","cat":287600},{"id":182925,"n":"Pâtes Collezione Barilla Bucatini Grandi -  500g","p":2.25,"u":"4,50 €/KG","img":"https://fd8-photos.leclercdrive.fr/image.ashx?id=2726521&use=l&cat=p&typeid=i","cat":284427},{"id":182938,"n":"Sauce crudités Caesar Amora 380ml","p":3.25,"u":"8,55 €/L","img":"https://fd8-photos.leclercdrive.fr/image.ashx?id=2655223&use=l&cat=p&typeid=i","cat":284456},{"id":182939,"n":"Chips Tuiles Pringles Barbecue - 175g","p":2.35,"u":"13,43 €/KG","img":"https://fd8-photos.leclercdrive.fr/image.ashx?id=2662502&use=l&cat=p&typeid=i","cat":287899},{"id":182966,"n":"Mini bâtonnets Trium Vanille Caramel beurre salé x8 - 294g","p":2.99,"u":"10,17 €/KG","img":"https://fd8-photos.leclercdrive.fr/image.ashx?id=2791347&use=l&cat=p&typeid=i","cat":284265},{"id":183029,"n":"Mölkky","p":23.71,"img":"https://fd8-photos.leclercdrive.fr/image.ashx?id=2351481&use=l&cat=p&typeid=i","cat":334381},{"id":183046,"n":"Masque tissu yeux Garnier  Hydrabomb orange anti-cernes","p":2.86,"img":"https://fd8-photos.leclercdrive.fr/image.ashx?id=2351439&use=l&cat=p&typeid=i","cat":null},{"id":183049,"n":"Masque Tissu Skinactive Garnier Booster d'éclat Vitamine C","p":1.96,"img":"https://fd8-photos.leclercdrive.fr/image.ashx?id=2849100&use=l&cat=p&typeid=i","cat":325346},{"id":183104,"n":"Nutella Biscuit pâte à tartiner Cacao Noisettes - 207g","p":2.95,"u":"14,25 €/KG","img":"https://fd8-photos.leclercdrive.fr/image.ashx?id=2834035&use=l&cat=p&typeid=i","cat":284488},{"id":183105,"n":"Eau gazeuse San Pellegrino Essenza citron - 6x33cL","p":2.74,"u":"1,38 €/L","img":"https://fd8-photos.leclercdrive.fr/image.ashx?id=2864203&use=l&cat=p&typeid=i","cat":284536},{"id":183106,"n":"Eau gazeuse San Pellegrino Essenza sanguine - 6x33cl","p":3.71,"u":"1,87 €/L","img":"https://fd8-photos.leclercdrive.fr/image.ashx?id=2852010&use=l&cat=p&typeid=i","cat":284536},{"id":183107,"n":"Eau gazeuse San Pellegrino Essenza Pêche melon - 6x33cl","p":3.53,"u":"1,78 €/L","img":"https://fd8-photos.leclercdrive.fr/image.ashx?id=2997292&use=l&cat=p&typeid=i","cat":284536},{"id":183128,"n":"Epinards hachés à la crème  Findus légume - 500g","p":2.35,"u":"4,70 €/KG","img":"https://fd8-photos.leclercdrive.fr/image.ashx?id=3008767&use=l&cat=p&typeid=i","cat":319805},{"id":183129,"n":"Epinards Légumes Findus branches à la crème - 480g","p":2.79,"u":"5,81 €/KG","img":"https://fd8-photos.leclercdrive.fr/image.ashx?id=2937349&use=l&cat=p&typeid=i","cat":319805},{"id":183130,"n":"Epinards hachés Findus À la crème fraîche - 900g","p":3.49,"u":"3,88 €/KG","img":"https://fd8-photos.leclercdrive.fr/image.ashx?id=2904245&use=l&cat=p&typeid=i","cat":319805},{"id":183138,"n":"Brownie Familial Brossard Chocolat Noisette - 285g","p":3.22,"u":"11,30 €/KG","img":"https://fd8-photos.leclercdrive.fr/image.ashx?id=2977495&use=l&cat=p&typeid=i","cat":294776},{"id":183159,"n":"Pizza Ristorante Dr.Oetker Bolognaise - 375g","p":2.92,"u":"7,79 €/KG","img":"https://fd8-photos.leclercdrive.fr/image.ashx?id=2993071&use=l&cat=p&typeid=i","cat":284256},{"id":183172,"n":"Emietté de thon Petit Navire Vinaigre balsamique - 110g","p":1.88,"u":"17,09 €/KG","img":"https://fd8-photos.leclercdrive.fr/image.ashx?id=2682860&use=l&cat=p&typeid=i","cat":303867},{"id":183193,"n":"Pile alcaline Varta  Longlife power 9V 6LR61 - x2","p":8.75,"u":"4,38 €/P","img":"https://fd8-photos.leclercdrive.fr/image.ashx?id=2353821&use=l&cat=p&typeid=i","cat":300572},{"id":183200,"n":"Pile alcaline Varta Longlife Power AA - x6","p":9.37,"u":"1,56 €/P","img":"https://fd8-photos.leclercdrive.fr/image.ashx?id=2354956&use=l&cat=p&typeid=i","cat":300572},{"id":183203,"n":"Pile Electronique Varta  Lithium CR2025 - x2","p":5.22,"img":"https://fd8-photos.leclercdrive.fr/image.ashx?id=2567131&use=l&cat=p&typeid=i","cat":300572},{"id":183213,"n":"Eau Micellaire Garnier Tout en 1 Vitamine C - 400mL","p":3.92,"u":"9,80 €/L","img":"https://fd8-photos.leclercdrive.fr/image.ashx?id=2353782&use=l&cat=p&typeid=i","cat":284603},{"id":183255,"n":"Crème Corps Apaisante Superfood  Aloe vera Magnésium - 380ml","p":4.74,"u":"12,47 €/L","img":"https://fd8-photos.leclercdrive.fr/image.ashx?id=2371206&use=l&cat=p&typeid=i","cat":325350},{"id":183257,"n":"Skinactive Body Garnier  Body Food All Uses - 380ml","p":4.84,"u":"12,74 €/L","img":"https://fd8-photos.leclercdrive.fr/image.ashx?id=2371209&use=l&cat=p&typeid=i","cat":325350},{"id":183260,"n":"Crème corps hydratant Superfood Peaux très sèches - 380ml","p":5.89,"u":"15,50 €/L","img":"https://fd8-photos.leclercdrive.fr/image.ashx?id=2360812&use=l&cat=p&typeid=i","cat":325350},{"id":183262,"n":"Sérum Éclat Vitamine C Garnier Anti-taches - 30ml","p":8.69,"u":"289,67 €/L","img":"https://fd8-photos.leclercdrive.fr/image.ashx?id=2908180&use=l&cat=p&typeid=i","cat":325345},{"id":183306,"n":"Peluche Mimsy La Souris Tigex","p":15.75,"img":"https://fd8-photos.leclercdrive.fr/image.ashx?id=2355536&use=l&cat=p&typeid=i","cat":289435},{"id":183321,"n":"Le Kit pour tout déchirer Bic","p":8.22,"img":"https://fd8-photos.leclercdrive.fr/image.ashx?id=2373842&use=l&cat=p&typeid=i","cat":334133},{"id":183392,"n":"Bonbons Cara' bool 200g","p":1.18,"u":"5,90 €/KG","img":"https://fd8-photos.leclercdrive.fr/image.ashx?id=2454169&use=l&cat=p&typeid=i","cat":304250},{"id":183395,"n":"Huile d'olive Puget 75cl","p":10.99,"u":"14,65 €/L","img":"https://fd8-photos.leclercdrive.fr/image.ashx?id=2460925&use=l&cat=p&typeid=i","cat":284453},{"id":183414,"n":"Croquettes Ultima Light Petit chien - 1,35kg","p":4.58,"u":"3,39 €/KG","img":"https://fd8-photos.leclercdrive.fr/image.ashx?id=2921912&use=l&cat=p&typeid=i","cat":294526},{"id":183496,"n":"Brocolis fleurette Notre Jardin 900g","p":1.99,"u":"2,21 €/KG","img":"https://fd8-photos.leclercdrive.fr/image.ashx?id=2873168&use=l&cat=p&typeid=i","cat":319805},{"id":183520,"n":"Déodorant Spray Rexona Anti- Transpirant 72H Invisible 200ml","p":2.64,"u":"13,20 €/L","img":"https://fd8-photos.leclercdrive.fr/image.ashx?id=2850306&use=l&cat=p&typeid=i","cat":284595},{"id":183526,"n":"Rexona Déodorant Femme Spray Anti-Transpirant 72H","p":2.64,"u":"13,20 €/L","img":"https://fd8-photos.leclercdrive.fr/image.ashx?id=2850309&use=l&cat=p&typeid=i","cat":284595},{"id":183576,"n":"Piano arc-en-ciel  Lumi magique - Dès 6 mois","p":44.99,"u":"Dont 0,13 € d'éco-part.","img":"https://fd8-photos.leclercdrive.fr/image.ashx?id=2357946&use=l&cat=p&typeid=i","cat":334379},{"id":183582,"n":"Tut Tut Bolides - Coffret trio  loisirs Vtech - Dès 6 mois","p":41.5,"u":"Dont 0,07 € d'éco-part.","img":"https://fd8-photos.leclercdrive.fr/image.ashx?id=2357916&use=l&cat=p&typeid=i","cat":334380},{"id":183583,"n":"Mon service à thé magique Vtech - Dès 6 mois","p":34.34,"u":"Dont 0,13 € d'éco-part.","img":"https://fd8-photos.leclercdrive.fr/image.ashx?id=2357943&use=l&cat=p&typeid=i","cat":334379},{"id":183620,"n":"Le combat des gardiens Lego Minecraft - Dès 6 ans","p":19.99,"img":"https://fd8-photos.leclercdrive.fr/image.ashx?id=2378330&use=l&cat=p&typeid=i","cat":334380},{"id":183623,"n":"Le camp d’entraînement Lego Minecraft - Dès 6 ans","p":41.12,"img":"https://fd8-photos.leclercdrive.fr/image.ashx?id=2358018&use=l&cat=p&typeid=i","cat":334380},{"id":183624,"n":"La Boulangerie Lego Minecraft - Dès 6 ans","p":21.99,"img":"https://fd8-photos.leclercdrive.fr/image.ashx?id=2581015&use=l&cat=p&typeid=i","cat":334380},{"id":183626,"n":"Le Portail du Nether  Lego Minecraft - Dès 6 ans","p":40.0,"img":"https://fd8-photos.leclercdrive.fr/image.ashx?id=2368816&use=l&cat=p&typeid=i","cat":334380},{"id":183636,"n":"La grande boîte Lego Minecraft - Dès 6 ans","p":17.9,"img":"https://fd8-photos.leclercdrive.fr/image.ashx?id=2391605&use=l&cat=p&typeid=i","cat":334380},{"id":183638,"n":"Le kit créatif familial Licorne Lego - Dès 6 ans","p":56.05,"img":"https://fd8-photos.leclercdrive.fr/image.ashx?id=2391608&use=l&cat=p&typeid=i","cat":334380},{"id":183667,"n":"Vin rosé Cabane du Pyla Bordeaux - BIB 3L","p":12.73,"u":"16,97 €/L","img":"https://fd8-photos.leclercdrive.fr/image.ashx?id=2358608&use=l&cat=p&typeid=i","cat":289558},{"id":183682,"n":"AOP Pomerol rouge Château  Chantalouette - 75cl","p":21.45,"u":"28,60 €/L","img":"https://fd8-photos.leclercdrive.fr/image.ashx?id=2357964&use=l&cat=p&typeid=i","cat":289556},{"id":183733,"n":"AOP Pauillac Château Richebon Cuvée les Grands Monteils 75cl","p":14.95,"u":"19,93 €/L","img":"https://fd8-photos.leclercdrive.fr/image.ashx?id=2646470&use=l&cat=p&typeid=i","cat":289556},{"id":183735,"n":"Gazilion Pistolet Streamin bubbles","p":10.82,"u":"Dont 0,05 € d'éco-part.","img":"https://fd8-photos.leclercdrive.fr/image.ashx?id=2357829&use=l&cat=p&typeid=i","cat":334381},{"id":183840,"n":"Curcuma moulu Ducros 45g","p":2.51,"u":"55,78 €/KG","img":"https://fd8-photos.leclercdrive.fr/image.ashx?id=2486644&use=l&cat=p&typeid=i","cat":298297},{"id":183849,"n":"Déodorant L'Arbre Vert Argan   Hamamélis - 50ml","p":2.9,"u":"58,00 €/L","img":"https://fd8-photos.leclercdrive.fr/image.ashx?id=2862491&use=l&cat=p&typeid=i","cat":284595},{"id":183850,"n":"Lingettes désinfectantes St  Marc Anti-Bactériennes - x30","p":1.68,"u":"0,06 €/P","img":"https://fd8-photos.leclercdrive.fr/image.ashx?id=2358198&use=l&cat=p&typeid=i","cat":null},{"id":183854,"n":"Déodorant Rexona Men anti transpirant Cobalt Dry - 200ml","p":2.64,"u":"13,20 €/L","img":"https://fd8-photos.leclercdrive.fr/image.ashx?id=2858711&use=l&cat=p&typeid=i","cat":284618},{"id":183856,"n":"Yaourt Gourmand Mamie Nova Mandarine Citron x2 - 300g","p":1.49,"u":"4,97 €/KG","img":"https://fd8-photos.leclercdrive.fr/image.ashx?id=2879053&use=l&cat=p&typeid=i","cat":284410},{"id":183857,"n":"Gel Douche Le Petit Marseillais  Lait d'amande douce - 650ml","p":3.29,"u":"5,06 €/L","img":"https://fd8-photos.leclercdrive.fr/image.ashx?id=2684197&use=l&cat=p&typeid=i","cat":284594},{"id":183862,"n":"Bloc WC Bref Brilliant Gel Toilettes propres - 42g x1","p":2.85,"u":"67,86 €/KG","img":"https://fd8-photos.leclercdrive.fr/image.ashx?id=2976782&use=l&cat=p&typeid=i","cat":284662},{"id":183866,"n":"Dentifrice blancheur Colgate Max white one - 75ml","p":2.93,"u":"39,07 €/L","img":"https://fd8-photos.leclercdrive.fr/image.ashx?id=2767255&use=l&cat=p&typeid=i","cat":284612},{"id":183873,"n":"Détachant poudre Vanish  Stop Odeurs - 470g","p":6.59,"u":"14,02 €/KG","img":"https://fd8-photos.leclercdrive.fr/image.ashx?id=2679936&use=l&cat=p&typeid=i","cat":284651},{"id":183877,"n":"Désodorisant diffuseur Airwick  Electrique Vanille - 19ml","p":4.45,"u":"234,21 €/L","img":"https://fd8-photos.leclercdrive.fr/image.ashx?id=2768237&use=l&cat=p&typeid=i","cat":311629},{"id":183888,"n":"Bière blonde Corona Cero 0,0% - 6x33cl","p":7.92,"u":"4,00 €/L","img":"https://fd8-photos.leclercdrive.fr/image.ashx?id=2526496&use=l&cat=p&typeid=i","cat":334877},{"id":183907,"n":"Dentifrice blancheur Colgate Max white optic - 75ml","p":2.75,"u":"36,67 €/L","img":"https://fd8-photos.leclercdrive.fr/image.ashx?id=2738395&use=l&cat=p&typeid=i","cat":284612},{"id":183910,"n":"Perles de Cire Chaude Expert  Veet A la Cire d'abeille 250ml","p":4.07,"u":"17,70 €/KG","img":"https://fd8-photos.leclercdrive.fr/image.ashx?id=2960678&use=l&cat=p&typeid=i","cat":325351},{"id":183913,"n":"Crème dépilatoire Zones Intimes Veet Men 100+50ml","p":7.1,"u":"47,33 €/L","img":"https://fd8-photos.leclercdrive.fr/image.ashx?id=2964971&use=l&cat=p&typeid=i","cat":284617},{"id":183916,"n":"Torsade Alpina Savoie Collection 1844 - 500g","p":1.99,"u":"3,98 €/KG","img":"https://fd8-photos.leclercdrive.fr/image.ashx?id=2358153&use=l&cat=p&typeid=i","cat":284427},{"id":183917,"n":"Huile Miraculeuse Expert Veet Pré et Post Epilation 100ml","p":11.15,"u":"111,50 €/L","img":"https://fd8-photos.leclercdrive.fr/image.ashx?id=2828547&use=l&cat=p&typeid=i","cat":325351},{"id":183918,"n":"Linguine Alpina Savoie Collection 1844 - 500g","p":1.28,"u":"2,56 €/KG","img":"https://fd8-photos.leclercdrive.fr/image.ashx?id=2358159&use=l&cat=p&typeid=i","cat":284427},{"id":183935,"n":"Fond de Teint L'Oréal Paris Infaillible 24H 130 Beige Peau","p":15.99,"pp":10.55,"img":"https://fd8-photos.leclercdrive.fr/image.ashx?id=2358183&use=l&cat=p&typeid=i","cat":287029},{"id":183937,"n":"Sachets armoire Soupline Grand  air - x3","p":3.31,"u":"1,10 €/P","img":"https://fd8-photos.leclercdrive.fr/image.ashx?id=2944470&use=l&cat=p&typeid=i","cat":325302},{"id":183994,"n":"Masque gel visage N.A.E. bio hydratation éclat - 75ml","p":11.11,"u":"148,13 €/L","img":"https://fd8-photos.leclercdrive.fr/image.ashx?id=2358399&use=l&cat=p&typeid=i","cat":325346},{"id":183997,"n":"Crème gel N.A.E. bio hydratation éclat - 50ml","p":13.1,"u":"262,00 €/L","img":"https://fd8-photos.leclercdrive.fr/image.ashx?id=2358405&use=l&cat=p&typeid=i","cat":325345},{"id":184005,"n":"Gel Douche Le Petit Marseillais  Fleur d'oranger - 650ml","p":3.44,"u":"5,29 €/L","img":"https://fd8-photos.leclercdrive.fr/image.ashx?id=2684533&use=l&cat=p&typeid=i","cat":284594},{"id":184009,"n":"Gel WC Canard Forêt Aquatique - 750ml","p":2.29,"u":"3,05 €/L","img":"https://fd8-photos.leclercdrive.fr/image.ashx?id=2746313&use=l&cat=p&typeid=i","cat":284662},{"id":184027,"n":"Cassolette merlu blanc saumon D'Aucy - 300g","p":2.47,"u":"8,23 €/KG","img":"https://fd8-photos.leclercdrive.fr/image.ashx?id=2358357&use=l&cat=p&typeid=i","cat":284953},{"id":184096,"n":"Barre de céréales Trésor Stix Chocolat noisettes - 5x20,5g","p":1.92,"u":"18,82 €/KG","img":"https://fd8-photos.leclercdrive.fr/image.ashx?id=2358647&use=l&cat=p&typeid=i","cat":284488},{"id":184112,"n":"Bonbons Ricola Sève de pin sans sucres - 50g","p":1.37,"u":"27,40 €/KG","img":"https://fd8-photos.leclercdrive.fr/image.ashx?id=2382195&use=l&cat=p&typeid=i","cat":304252},{"id":184141,"n":"Desserts Lactés P'TIT BRASSE Mangue 6M+ - 4x90g","p":1.7,"u":"4,72 €/KG","img":"https://fd8-photos.leclercdrive.fr/image.ashx?id=2594226&use=l&cat=p&typeid=i","cat":312392},{"id":184142,"n":"Desserts Lactés P'TIT BRASSE Fruits rouges 6M+ - 4x90g","p":1.7,"u":"4,72 €/KG","img":"https://fd8-photos.leclercdrive.fr/image.ashx?id=2599943&use=l&cat=p&typeid=i","cat":312392},{"id":184143,"n":"Desserts Lactés P'TIT BRASSE Fraise banane 6M+ - 4x90g","p":1.7,"u":"4,72 €/KG","img":"https://fd8-photos.leclercdrive.fr/image.ashx?id=2594229&use=l&cat=p&typeid=i","cat":312392},{"id":184145,"n":"Galettes bretonnes sarrasin NRT 100g","p":1.89,"u":"18,90 €/KG","img":"https://fd8-photos.leclercdrive.fr/image.ashx?id=2909431&use=l&cat=p&typeid=i","cat":284487},{"id":184148,"n":"Biscuits croquants Délichoc Chocolat au lait - 150g","p":1.92,"u":"12,80 €/KG","img":"https://fd8-photos.leclercdrive.fr/image.ashx?id=2867365&use=l&cat=p&typeid=i","cat":284488},{"id":184181,"n":"Purée mangue bébé Good Goût bio - 120g - dès 4 mois","p":1.25,"u":"10,42 €/KG","img":"https://fd8-photos.leclercdrive.fr/image.ashx?id=2640707&use=l&cat=p&typeid=i","cat":312387},{"id":184182,"n":"Purée poire bébé Good Goût bio - 120g - dès 4 mois","p":1.57,"u":"13,08 €/L","img":"https://fd8-photos.leclercdrive.fr/image.ashx?id=2640043&use=l&cat=p&typeid=i","cat":312387},{"id":184192,"n":"Purée fraise banane bébé Good Goût bio - 120g - dès 4 mois","p":1.25,"u":"10,42 €/KG","img":"https://fd8-photos.leclercdrive.fr/image.ashx?id=2640046&use=l&cat=p&typeid=i","cat":312387},{"id":184234,"n":"Ampoule Led Flamme Philips 40W - E14 blanc chaud - x2","p":7.99,"u":"Dont 0,24 € d'éco-part.","img":"https://fd8-photos.leclercdrive.fr/image.ashx?id=2507494&use=l&cat=p&typeid=i","cat":300573},{"id":184298,"n":"AOP Côtes du Rhône Villages  Visan - Dom Hipparion - 75cl","p":6.02,"u":"8,03 €/L","img":"https://fd8-photos.leclercdrive.fr/image.ashx?id=2364372&use=l&cat=p&typeid=i","cat":289556},{"id":184303,"n":"AOP Côtes du Rhône Valréas Les Molières -75cl","p":5.33,"u":"7,11 €/L","img":"https://fd8-photos.leclercdrive.fr/image.ashx?id=2362603&use=l&cat=p&typeid=i","cat":289556},{"id":184305,"n":"Carré de porc sans os L'Atelier Boucherie x10 - 440g","p":4.94,"u":"11,23 €/KG","img":"https://fd8-photos.leclercdrive.fr/image.ashx?id=2932701&use=l&cat=p&typeid=i","cat":284331},{"id":184307,"n":"Côtes de porc première L'Atelier Boucherie x2 - 300g","p":2.7,"u":"9,00 €/KG","img":"https://fd8-photos.leclercdrive.fr/image.ashx?id=2930552&use=l&cat=p&typeid=i","cat":284331},{"id":184308,"n":"Côtes de porc échine L'Atelier Boucherie x4 - 680g","p":5.14,"u":"7,56 €/KG","img":"https://fd8-photos.leclercdrive.fr/image.ashx?id=2930555&use=l&cat=p&typeid=i","cat":284331},{"id":184310,"n":"Entrecôte de boeuf*** L'Atelier Boucherie x1 - 200g","p":6.09,"u":"30,45 €/KG","img":"https://fd8-photos.leclercdrive.fr/image.ashx?id=2913781&use=l&cat=p&typeid=i","cat":284328},{"id":184312,"n":"Faux-filet de boeuf*** L'Atelier Boucherie x1 - 180g","p":5.12,"u":"28,44 €/KG","img":"https://fd8-photos.leclercdrive.fr/image.ashx?id=2913784&use=l&cat=p&typeid=i","cat":284328},{"id":184315,"n":"Steak de boeuf** L'Atelier Boucherie x2 - 260g","p":5.39,"u":"20,73 €/KG","img":"https://fd8-photos.leclercdrive.fr/image.ashx?id=2930582&use=l&cat=p&typeid=i","cat":284328},{"id":184316,"n":"Bavette d'Aloyau*** L'Atelier Boucherie x1 - 150g","p":4.95,"u":"33,00 €/KG","img":"https://fd8-photos.leclercdrive.fr/image.ashx?id=2930585&use=l&cat=p&typeid=i","cat":284328},{"id":184317,"n":"Rumsteck en tournedos*** L'Atelier Boucherie x2 - 280g","p":7.19,"u":"25,68 €/KG","img":"https://fd8-photos.leclercdrive.fr/image.ashx?id=2930588&use=l&cat=p&typeid=i","cat":284328},{"id":184318,"n":"Rôti de boeuf*** L'Atelier Boucherie - 600g","p":14.39,"u":"23,98 €/KG","img":"https://fd8-photos.leclercdrive.fr/image.ashx?id=2930591&use=l&cat=p&typeid=i","cat":284328},{"id":184319,"n":"Pièce à fondue / Brochette L'Atelier Boucherie - 500g","p":12.99,"u":"25,98 €/KG","img":"https://fd8-photos.leclercdrive.fr/image.ashx?id=2930594&use=l&cat=p&typeid=i","cat":284328},{"id":184320,"n":"Rôti de porc L'Atelier Boucherie - 600g","p":6.59,"u":"10,98 €/KG","img":"https://fd8-photos.leclercdrive.fr/image.ashx?id=2953749&use=l&cat=p&typeid=i","cat":284331},{"id":184321,"n":"Filet mignon de porc L'Atelier Boucherie x2 - 990g","p":13.59,"u":"13,73 €/KG","img":"https://fd8-photos.leclercdrive.fr/image.ashx?id=2932704&use=l&cat=p&typeid=i","cat":284331},{"id":184322,"n":"Escalope de veau*** L'Atelier Boucherie x2 - 260g","p":6.99,"u":"26,88 €/KG","img":"https://fd8-photos.leclercdrive.fr/image.ashx?id=2930597&use=l&cat=p&typeid=i","cat":284329},{"id":184323,"n":"Sauté de veau*** à mijoter L'Atelier Boucherie - 500g","p":9.99,"u":"19,98 €/KG","img":"https://fd8-photos.leclercdrive.fr/image.ashx?id=2930600&use=l&cat=p&typeid=i","cat":284329},{"id":184334,"n":"Véhicule+Figurine Ruben Rescue Knights La Pat' Patrouille","p":33.32,"img":"https://fd8-photos.leclercdrive.fr/image.ashx?id=2362522&use=l&cat=p&typeid=i","cat":334380},{"id":184335,"n":"Véhicule+Figurine Marcus Rescue Knights La Pat' Patrouille","p":33.32,"u":"33,32 €/PRT","img":"https://fd8-photos.leclercdrive.fr/image.ashx?id=2362516&use=l&cat=p&typeid=i","cat":334380},{"id":184336,"n":"Véhicule+Figurine Stella Rescue Knights La Pat' Patrouille","p":33.32,"img":"https://fd8-photos.leclercdrive.fr/image.ashx?id=2362519&use=l&cat=p&typeid=i","cat":334380},{"id":184337,"n":"Véhicule+Figurine Zuma Rescue Knights La Pat' Patrouille","p":33.32,"img":"https://fd8-photos.leclercdrive.fr/image.ashx?id=2362528&use=l&cat=p&typeid=i","cat":334380},{"id":184338,"n":"Véhicule+Figurine Chase Rescue  Knights La Pat' Patrouille","p":33.32,"img":"https://fd8-photos.leclercdrive.fr/image.ashx?id=2362513&use=l&cat=p&typeid=i","cat":334380},{"id":184339,"n":"Véhicule+Figurine Rocky Rescue  Knights La Pat' Patrouille","p":33.32,"img":"https://fd8-photos.leclercdrive.fr/image.ashx?id=2362525&use=l&cat=p&typeid=i","cat":334380},{"id":184351,"n":"Oignons frits Kühne Goût Bacon - 100g","p":1.17,"u":"11,70 €/KG","img":"https://fd8-photos.leclercdrive.fr/image.ashx?id=2868897&use=l&cat=p&typeid=i","cat":298297},{"id":184353,"n":"Soda Coca-Cola Vanille Canette - Pack 6x33CL","p":4.79,"u":"2,42 €/L","img":"https://fd8-photos.leclercdrive.fr/image.ashx?id=2997238&use=l&cat=p&typeid=i","cat":284530},{"id":184354,"n":"Boisson energisante Monster juiced Monarch 50cl","p":1.75,"u":"3,50 €/L","img":"https://fd8-photos.leclercdrive.fr/image.ashx?id=2759041&use=l&cat=p&typeid=i","cat":284533},{"id":184355,"n":"Boisson énergisante Red Bull  Goût Fruit du Dragon, 250ml","p":1.49,"u":"5,96 €/L","img":"https://fd8-photos.leclercdrive.fr/image.ashx?id=3011992&use=l&cat=p&typeid=i","cat":284533},{"id":184393,"n":"Gousses de vanille Vahiné En poudre sucrées - 8g","p":3.62,"u":"452,50 €/KG","img":"https://fd8-photos.leclercdrive.fr/image.ashx?id=2490587&use=l&cat=p&typeid=i","cat":284504},{"id":184396,"n":"Vanille en poudre Vahiné - 5g","p":7.95,"img":"https://fd8-photos.leclercdrive.fr/image.ashx?id=2559856&use=l&cat=p&typeid=i","cat":284504},{"id":184406,"n":"Romarin de Provence Ducros - 18g","p":1.34,"u":"74,44 €/KG","img":"https://fd8-photos.leclercdrive.fr/image.ashx?id=2486614&use=l&cat=p&typeid=i","cat":298297},{"id":184411,"n":"Croquettes chiens Ultima mini stérilisé poulet - 1,35kg","p":5.55,"u":"4,11 €/KG","img":"https://fd8-photos.leclercdrive.fr/image.ashx?id=2902184&use=l&cat=p&typeid=i","cat":294526},{"id":184420,"n":"Sirop de citron Eco+ - 1L","p":1.66,"u":"1,66 €/L","img":"https://fd8-photos.leclercdrive.fr/image.ashx?id=2901416&use=l&cat=p&typeid=i","cat":295020},{"id":184424,"n":"Vin pétillant Very Zest rosé pamplemousse - 6x25cl","p":5.29,"u":"3,53 €/L","img":"https://fd8-photos.leclercdrive.fr/image.ashx?id=2362193&use=l&cat=p&typeid=i","cat":304569},{"id":184426,"n":"Bière Desperados Virgin fresh berries - 00%vol - 3x33cl","p":4.25,"u":"4,29 €/L","img":"https://fd8-photos.leclercdrive.fr/image.ashx?id=2935927&use=l&cat=p&typeid=i","cat":334877},{"id":184427,"n":"Thé glacé Oasis Ice Tea Saveur Pêche - 1,5L","p":1.75,"u":"1,17 €/L","img":"https://fd8-photos.leclercdrive.fr/image.ashx?id=2688836&use=l&cat=p&typeid=i","cat":295019},{"id":184431,"n":"Boisson aux fruits Oasis Saveur Pomme Poire - 2L","p":2.66,"u":"1,33 €/L","img":"https://fd8-photos.leclercdrive.fr/image.ashx?id=3014455&use=l&cat=p&typeid=i","cat":295018},{"id":184432,"n":"Boisson orange brick Eco+ - 6x20cl","p":1.39,"u":"1,16 €/L","img":"https://fd8-photos.leclercdrive.fr/image.ashx?id=2863096&use=l&cat=p&typeid=i","cat":284521},{"id":184490,"n":"Sardine Parmentier  Sauce Arrabiata - 135g","p":1.46,"u":"10,81 €/KG","img":"https://fd8-photos.leclercdrive.fr/image.ashx?id=2961840&use=l&cat=p&typeid=i","cat":305146},{"id":184509,"n":"AOP Effervescent Champagne rosé Champagne pommery brut rosé BRI","p":40.36,"u":"53,81 €/L","img":"https://fd8-photos.leclercdrive.fr/image.ashx?id=2364222&use=l&cat=p&typeid=i","cat":284542},{"id":184527,"n":"Semoule au lait de coco Andros Vanille de Madagascar - 4x100g","p":2.75,"u":"6,88 €/KG","img":"https://fd8-photos.leclercdrive.fr/image.ashx?id=2871988&use=l&cat=p&typeid=i","cat":316071},{"id":184537,"n":"Émincés de saumon fumé MSC Sauvage Ronde des mers - 100g","p":4.99,"u":"49,90 €/KG","img":"https://fd8-photos.leclercdrive.fr/image.ashx?id=2362417&use=l&cat=p&typeid=i","cat":285188},{"id":184540,"n":"Fromage Fouetté Nature à tartiner Les Croisés - 150g","p":1.41,"u":"9,40 €/KG","img":"https://fd8-photos.leclercdrive.fr/image.ashx?id=2662634&use=l&cat=p&typeid=i","cat":314029},{"id":184551,"n":"Lessive en poudre Xeor fraîcheur x50 - 2.5kg","p":5.99,"u":"2,40 €/KG","img":"https://fd8-photos.leclercdrive.fr/image.ashx?id=2450101&use=l&cat=p&typeid=i","cat":284642},{"id":184553,"n":"Blocs WC Syphon fraîcheur marine x2 - 110g","p":2.0,"u":"18,18 €/KG","img":"https://fd8-photos.leclercdrive.fr/image.ashx?id=2670359&use=l&cat=p&typeid=i","cat":284662},{"id":184559,"n":"Liquide vaisselle Paic Eucalyptus - 750ml","p":2.41,"u":"3,21 €/L","img":"https://fd8-photos.leclercdrive.fr/image.ashx?id=2363243&use=l&cat=p&typeid=i","cat":284655},{"id":184561,"n":"Glaces Kinder Bueno x4 noisettes chocolat blanc - 248g","p":3.99,"u":"16,09 €/KG","img":"https://fd8-photos.leclercdrive.fr/image.ashx?id=2759071&use=l&cat=p&typeid=i","cat":284264},{"id":184564,"n":"Muesli floconneux Bio village Fruits rouges Bio - 500g","p":3.32,"u":"6,64 €/KG","img":"https://fd8-photos.leclercdrive.fr/image.ashx?id=2894752&use=l&cat=p&typeid=i","cat":309512},{"id":184566,"n":"Boisson végétale Bio Village Noisette bio - 1l","p":1.87,"u":"1,87 €/L","img":"https://fd8-photos.leclercdrive.fr/image.ashx?id=2362504&use=l&cat=p&typeid=i","cat":316067},{"id":184568,"n":"Muesli croustillant Bio village Bio Chocolat quinoa - 500g","p":4.2,"u":"8,40 €/KG","img":"https://fd8-photos.leclercdrive.fr/image.ashx?id=2720196&use=l&cat=p&typeid=i","cat":309512},{"id":184569,"n":"Muesli croustillant Bio Village Bio Chocolat - 500g","p":3.72,"u":"7,44 €/KG","img":"https://fd8-photos.leclercdrive.fr/image.ashx?id=2559984&use=l&cat=p&typeid=i","cat":309512},{"id":184571,"n":"Sauce barbecue Amora 285g","p":1.79,"u":"6,28 €/KG","img":"https://fd8-photos.leclercdrive.fr/image.ashx?id=3004447&use=l&cat=p&typeid=i","cat":318431},{"id":184587,"n":"Bâtonnets glacés Oasis Fraise citron framboise x10 - 400g","p":2.86,"u":"7,15 €/KG","img":"https://fd8-photos.leclercdrive.fr/image.ashx?id=2877871&use=l&cat=p&typeid=i","cat":284265},{"id":184671,"n":"Pizza Dr.Oetker Ristorante Funghi - 365g","p":3.69,"u":"10,11 €/KG","img":"https://fd8-photos.leclercdrive.fr/image.ashx?id=2993053&use=l&cat=p&typeid=i","cat":284256},{"id":184828,"n":"Persillade Ducros Première saveur 19g","p":3.69,"u":"194,21 €/KG","img":"https://fd8-photos.leclercdrive.fr/image.ashx?id=2559502&use=l&cat=p&typeid=i","cat":298297},{"id":184829,"n":"Fines herbes Ducros Première saveur - 16g","p":1.62,"u":"101,25 €/KG","img":"https://fd8-photos.leclercdrive.fr/image.ashx?id=2486626&use=l&cat=p&typeid=i","cat":298297},{"id":184830,"n":"Persillade provençale Ducros Première saveur 19g","p":3.99,"u":"210,00 €/KG","img":"https://fd8-photos.leclercdrive.fr/image.ashx?id=2486629&use=l&cat=p&typeid=i","cat":298297},{"id":184837,"n":"Compotes Pom'Potes Gourdes  Pomme Banane - 4x90g","p":2.05,"u":"5,69 €/KG","img":"https://fd8-photos.leclercdrive.fr/image.ashx?id=2978637&use=l&cat=p&typeid=i","cat":284508},{"id":184955,"n":"Eau Aromatisée Vittel Aro Fruit Exotique - 1L","p":0.83,"u":"0,83 €/L","img":"https://fd8-photos.leclercdrive.fr/image.ashx?id=2737135&use=l&cat=p&typeid=i","cat":284537},{"id":184996,"n":"Infusion verveine Elephant Menthe, bio - x20","p":2.13,"u":"81,92 €/KG","img":"https://fd8-photos.leclercdrive.fr/image.ashx?id=2507578&use=l&cat=p&typeid=i","cat":293234},{"id":184997,"n":"Infusion bio Elephant Detox - x20","p":1.91,"u":"56,18 €/KG","img":"https://fd8-photos.leclercdrive.fr/image.ashx?id=2507566&use=l&cat=p&typeid=i","cat":293234},{"id":184998,"n":"Infusion Bio Elephant Gingembre Citron - 20 Sachets","p":1.91,"u":"56,18 €/KG","img":"https://fd8-photos.leclercdrive.fr/image.ashx?id=2507575&use=l&cat=p&typeid=i","cat":293234},{"id":184999,"n":"Infusion bio Elephant Relax - x20","p":2.13,"u":"81,92 €/KG","img":"https://fd8-photos.leclercdrive.fr/image.ashx?id=2507572&use=l&cat=p&typeid=i","cat":293234},{"id":185000,"n":"Infusion Bio Eléphant Menthe Thym - x20 sachets","p":2.79,"u":"107,31 €/KG","img":"https://fd8-photos.leclercdrive.fr/image.ashx?id=2507563&use=l&cat=p&typeid=i","cat":293234},{"id":185004,"n":"Infusion Bio Elephant Verveine - x20 sachets","p":2.52,"u":"96,92 €/KG","img":"https://fd8-photos.leclercdrive.fr/image.ashx?id=2520755&use=l&cat=p&typeid=i","cat":293234},{"id":185165,"n":"Skyr Yoplait  Coco 1%Mg - 4x100g","p":2.25,"u":"5,63 €/KG","img":"https://fd8-photos.leclercdrive.fr/image.ashx?id=2884459&use=l&cat=p&typeid=i","cat":315000},{"id":185166,"n":"Skyr Yoplait  Vanille 0%MG - 4x100G","p":2.25,"u":"5,63 €/KG","img":"https://fd8-photos.leclercdrive.fr/image.ashx?id=2884456&use=l&cat=p&typeid=i","cat":315000},{"id":185274,"n":"Chips Tuiles Pringles Bacon - 175g","p":2.35,"u":"13,43 €/KG","img":"https://fd8-photos.leclercdrive.fr/image.ashx?id=2661754&use=l&cat=p&typeid=i","cat":287899},{"id":185276,"n":"Soufflés Donuts Curly Cacahuètes caramélisées - 160g","p":1.79,"u":"11,19 €/KG","img":"https://fd8-photos.leclercdrive.fr/image.ashx?id=2373125&use=l&cat=p&typeid=i","cat":284449},{"id":185280,"n":"Cup nouilles Tanoshi Corée Poulet Gochugaru - 65g","p":1.03,"u":"15,85 €/KG","img":"https://fd8-photos.leclercdrive.fr/image.ashx?id=2732266&use=l&cat=p&typeid=i","cat":288992},{"id":185443,"n":"Thé vert citron Yate x25 - 37,5g","p":0.79,"u":"20,79 €/KG","img":"https://fd8-photos.leclercdrive.fr/image.ashx?id=2646008&use=l&cat=p&typeid=i","cat":293233},{"id":185459,"n":"Crème dessert La Laitière  Frais Fondant chocolat - 4x115g","p":2.15,"u":"4,67 €/KG","img":"https://fd8-photos.leclercdrive.fr/image.ashx?id=2904062&use=l&cat=p&typeid=i","cat":285041},{"id":185494,"n":"Herbes de provence Ducros 35g","p":1.72,"u":"49,14 €/KG","img":"https://fd8-photos.leclercdrive.fr/image.ashx?id=2559505&use=l&cat=p&typeid=i","cat":298297},{"id":185508,"n":"Biscuits fourrés BN  Vanille - 285g","p":1.3,"u":"4,56 €/KG","img":"https://fd8-photos.leclercdrive.fr/image.ashx?id=2475005&use=l&cat=p&typeid=i","cat":284488},{"id":185567,"n":"Liniment oléo-calcaire Biolane  700 ml","p":7.29,"u":"10,41 €/L","img":"https://fd8-photos.leclercdrive.fr/image.ashx?id=2586864&use=l&cat=p&typeid=i","cat":284741},{"id":185568,"n":"Gel Lavant Biolane Corps et cheveux 750 ml","p":7.5,"u":"10,00 €/L","img":"https://fd8-photos.leclercdrive.fr/image.ashx?id=2586867&use=l&cat=p&typeid=i","cat":284740},{"id":185571,"n":"Eau pure H2O Biolane 750 ml","p":6.75,"u":"9,00 €/L","img":"https://fd8-photos.leclercdrive.fr/image.ashx?id=2733247&use=l&cat=p&typeid=i","cat":284741},{"id":185634,"n":"Pain Bruschetta Florelli à l'huile d'olive - 400g","p":1.91,"u":"4,78 €/KG","img":"https://fd8-photos.leclercdrive.fr/image.ashx?id=3012206&use=l&cat=p&typeid=i","cat":289010},{"id":185744,"n":"AOP Mâcon-Villages Blason de Bourgogne - 75cl","p":8.5,"u":"11,33 €/L","img":"https://fd8-photos.leclercdrive.fr/image.ashx?id=2377544&use=l&cat=p&typeid=i","cat":289557},{"id":185768,"n":"Riz forestière individuel William Saurin - 300g","p":2.41,"u":"8,03 €/KG","img":"https://fd8-photos.leclercdrive.fr/image.ashx?id=2528726&use=l&cat=p&typeid=i","cat":284953},{"id":185789,"n":"Myrtilles Panier du Primeur 125g","p":1.99,"u":"15,92 €/KG","img":"https://fd8-photos.leclercdrive.fr/image.ashx?id=2375773&use=l&cat=p&typeid=i","cat":284356},{"id":185831,"n":"Préparation Gâteau alsa Moelleux Marbré - 435g","p":2.19,"u":"5,03 €/KG","img":"https://fd8-photos.leclercdrive.fr/image.ashx?id=2996428&use=l&cat=p&typeid=i","cat":284505},{"id":185854,"n":"Bière blonde Tripel Karmeliet 8,4% - 12x25cl","p":15.9,"u":"5,30 €/L","img":"https://fd8-photos.leclercdrive.fr/image.ashx?id=2457485&use=l&cat=p&typeid=i","cat":334872},{"id":185950,"n":"Cristaline fontaine 8L","p":2.39,"u":"0,30 €/L","img":"https://fd8-photos.leclercdrive.fr/image.ashx?id=2418891&use=l&cat=p&typeid=i","cat":284535},{"id":185999,"n":"Boisson végétale Bio Village Riz nature bio - 1l","p":1.65,"u":"1,65 €/L","img":"https://fd8-photos.leclercdrive.fr/image.ashx?id=2381581&use=l&cat=p&typeid=i","cat":316067},{"id":186019,"n":"Bière Nepo Blanche Combawa  33cl","p":1.89,"u":"5,73 €/L","img":"https://fd8-photos.leclercdrive.fr/image.ashx?id=2382535&use=l&cat=p&typeid=i","cat":334878},{"id":186021,"n":"Bière Nepo Blonde BIO 33cl","p":1.81,"u":"5,48 €/L","img":"https://fd8-photos.leclercdrive.fr/image.ashx?id=2382532&use=l&cat=p&typeid=i","cat":334873},{"id":186043,"n":"Lardons Nature Herta  Sans nitrite - 2x75g","p":2.05,"u":"13,67 €/KG","img":"https://fd8-photos.leclercdrive.fr/image.ashx?id=2785802&use=l&cat=p&typeid=i","cat":316011},{"id":186055,"n":"Boisson énergisante Red Bull Goût Pastèque, 250ml","p":1.53,"u":"6,12 €/L","img":"https://fd8-photos.leclercdrive.fr/image.ashx?id=2471655&use=l&cat=p&typeid=i","cat":284533},{"id":186056,"n":"Boisson énergisante Red Bull Goût Coco-Acaï, 250ml","p":1.49,"u":"5,96 €/L","img":"https://fd8-photos.leclercdrive.fr/image.ashx?id=2471658&use=l&cat=p&typeid=i","cat":284533},{"id":186078,"n":"Tartinade de thon Petit Navire Tomates séchées et Thym 2x125g","p":4.07,"u":"16,28 €/KG","img":"https://fd8-photos.leclercdrive.fr/image.ashx?id=2835845&use=l&cat=p&typeid=i","cat":303867},{"id":186210,"n":"Pâte à modeler Play-Doh Dès 2 ans - 16 pots","p":15.76,"img":"https://fd8-photos.leclercdrive.fr/image.ashx?id=2393442&use=l&cat=p&typeid=i","cat":334381},{"id":186258,"n":"Lessive Capsules Tout-en-1 Skip Fraîcheur Intense x26 Capsules","p":11.89,"u":"21,58 €/KG","img":"https://fd8-photos.leclercdrive.fr/image.ashx?id=2978934&use=l&cat=p&typeid=i","cat":284641},{"id":186263,"n":"Lessive Capsules Tout-en-1 Skip Fraîcheur Intense 38 Lavages","p":14.28,"u":"17,72 €/KG","img":"https://fd8-photos.leclercdrive.fr/image.ashx?id=2929236&use=l&cat=p&typeid=i","cat":284641},{"id":186265,"n":"Lingettes bébé Harmonie Aqua Pampers - 48 lingettes","p":3.45,"u":"0,07 €/P","img":"https://fd8-photos.leclercdrive.fr/image.ashx?id=2805903&use=l&cat=p&typeid=i","cat":284738},{"id":186267,"n":"Lingettes bébé visage et mains Biolane - 64 lingettes","p":3.05,"u":"0,05 €/P","img":"https://fd8-photos.leclercdrive.fr/image.ashx?id=2876539&use=l&cat=p&typeid=i","cat":284738},{"id":186296,"n":"Lessive Capsules Skip Tout-en-1 Active Clean x38","p":14.09,"u":"17,48 €/KG","img":"https://fd8-photos.leclercdrive.fr/image.ashx?id=2757114&use=l&cat=p&typeid=i","cat":284641},{"id":186306,"n":"Liniment oléo-calcaire Biolane 300ml","p":3.55,"u":"11,83 €/L","img":"https://fd8-photos.leclercdrive.fr/image.ashx?id=2586861&use=l&cat=p&typeid=i","cat":284741},{"id":186310,"n":"Gel WC Désinfectant Canard Action Intense Fresh - 750ml","p":1.8,"u":"2,40 €/L","img":"https://fd8-photos.leclercdrive.fr/image.ashx?id=2488013&use=l&cat=p&typeid=i","cat":284662},{"id":186322,"n":"Lingettes pour bébé Pampers Harmonie Aqua - 3x48","p":7.26,"u":"0,05 €/P","img":"https://fd8-photos.leclercdrive.fr/image.ashx?id=2903809&use=l&cat=p&typeid=i","cat":284738},{"id":186323,"n":"Sous-vêtements de nuit Ninjamas Fille 8-12 ans - x9","p":8.9,"u":"0,99 €/P","img":"https://fd8-photos.leclercdrive.fr/image.ashx?id=2479541&use=l&cat=p&typeid=i","cat":290633},{"id":186461,"n":"Ail lyophilisé Ducros 19g","p":4.35,"u":"228,95 €/KG","img":"https://fd8-photos.leclercdrive.fr/image.ashx?id=2486617&use=l&cat=p&typeid=i","cat":298297},{"id":186462,"n":"Ciboulette lyophilisée Ducros 3g","p":1.77,"u":"590,00 €/KG","img":"https://fd8-photos.leclercdrive.fr/image.ashx?id=2486620&use=l&cat=p&typeid=i","cat":298297},{"id":186468,"n":"Pulpe de tomates Cirio 680g","p":1.17,"u":"1,72 €/KG","img":"https://fd8-photos.leclercdrive.fr/image.ashx?id=2857830&use=l&cat=p&typeid=i","cat":288384},{"id":186488,"n":"Purée de pomme et clémentines Babybio - 260g","p":2.13,"u":"8,19 €/KG","img":"https://fd8-photos.leclercdrive.fr/image.ashx?id=2838341&use=l&cat=p&typeid=i","cat":312388},{"id":186526,"n":"AOP Graves blanc Chateau de Chantegrive 75cl","p":15.64,"u":"20,85 €/L","img":"https://fd8-photos.leclercdrive.fr/image.ashx?id=2389265&use=l&cat=p&typeid=i","cat":289557},{"id":186536,"n":"Gel douche Ushuaïa Bio Vanille - 2x250ml","p":7.16,"u":"14,32 €/L","img":"https://fd8-photos.leclercdrive.fr/image.ashx?id=2387188&use=l&cat=p&typeid=i","cat":284594},{"id":186569,"n":"Calamars Romana MSC Escal - 700g","p":9.9,"u":"14,14 €/KG","img":"https://fd8-photos.leclercdrive.fr/image.ashx?id=2833447&use=l&cat=p&typeid=i","cat":319788},{"id":186608,"n":"Coloration permanente Olia 10.1 Blond polaire - Lot de 2","p":32.51,"u":"16,26 €/P","img":"https://fd8-photos.leclercdrive.fr/image.ashx?id=2396258&use=l&cat=p&typeid=i","cat":288899},{"id":186657,"n":"Crème dessert Delisse Chocolat - 6x125g","p":1.42,"u":"1,89 €/KG","img":"https://fd8-photos.leclercdrive.fr/image.ashx?id=2441492&use=l&cat=p&typeid=i","cat":285041},{"id":186659,"n":"Crème dessert Delisse Vanille - 6x125g","p":1.33,"u":"1,77 €/KG","img":"https://fd8-photos.leclercdrive.fr/image.ashx?id=2441498&use=l&cat=p&typeid=i","cat":285041},{"id":186660,"n":"Dessert végétal soja Alpro  Citron et Citron Vert - 500g","p":2.25,"u":"4,50 €/KG","img":"https://fd8-photos.leclercdrive.fr/image.ashx?id=2977678&use=l&cat=p&typeid=i","cat":316071},{"id":186661,"n":"Crème dessert Delisse Caramel - 6x125g","p":1.39,"u":"1,85 €/KG","img":"https://fd8-photos.leclercdrive.fr/image.ashx?id=2441504&use=l&cat=p&typeid=i","cat":285041},{"id":186686,"n":"Déodorant stick Homme Mennen Marine Sans Alcool - 60ml","p":3.23,"u":"53,83 €/L","img":"https://fd8-photos.leclercdrive.fr/image.ashx?id=2869107&use=l&cat=p&typeid=i","cat":284618},{"id":186688,"n":"Déodorant stick Homme Mennen Sans Alcool Anti-Traces - 60ml","p":3.23,"u":"53,83 €/L","img":"https://fd8-photos.leclercdrive.fr/image.ashx?id=2869110&use=l&cat=p&typeid=i","cat":284618},{"id":186690,"n":"AOP Haut médoc rouge Chateau Charmail - 75cl","p":17.07,"u":"22,76 €/L","img":"https://fd8-photos.leclercdrive.fr/image.ashx?id=2388060&use=l&cat=p&typeid=i","cat":289556},{"id":186722,"n":"Anti-transparant 72h Rexona Invisible Pure - Lot de 2","p":4.9,"u":"12,25 €/L","img":"https://fd8-photos.leclercdrive.fr/image.ashx?id=2971784&use=l&cat=p&typeid=i","cat":284595},{"id":186758,"n":"Tablette Chocolat Noir Lindt Noisettes Caramel Lot 2x100g","p":6.29,"u":"31,45 €/KG","img":"https://fd8-photos.leclercdrive.fr/image.ashx?id=2388487&use=l&cat=p&typeid=i","cat":284956},{"id":186856,"n":"Lessive Capsules Skip Tout-en-1 Extra Détachant x24","p":12.05,"u":"23,67 €/KG","img":"https://fd8-photos.leclercdrive.fr/image.ashx?id=2956691&use=l&cat=p&typeid=i","cat":284641},{"id":186857,"n":"Lessive Capsules Skip Tout-en-1 Cajoline 36 Lavages","p":13.35,"u":"17,50 €/KG","img":"https://fd8-photos.leclercdrive.fr/image.ashx?id=2929239&use=l&cat=p&typeid=i","cat":284641},{"id":186869,"n":"Préparation pour moelleux  Tablier Blanc - 435g","p":1.93,"u":"4,44 €/KG","img":"https://fd8-photos.leclercdrive.fr/image.ashx?id=2487494&use=l&cat=p&typeid=i","cat":284504},{"id":186870,"n":"Préparation pour moelleux Tablier Blanc citron - 435g","p":1.97,"u":"4,53 €/KG","img":"https://fd8-photos.leclercdrive.fr/image.ashx?id=2487497&use=l&cat=p&typeid=i","cat":284504},{"id":186920,"n":"Tuiles Monster Munch Crazy Original - 150g","p":1.9,"u":"12,67 €/KG","img":"https://fd8-photos.leclercdrive.fr/image.ashx?id=2921735&use=l&cat=p&typeid=i","cat":287899},{"id":186923,"n":"Tuiles Monster Munch  Crazy crème oignon - 150g","p":1.9,"u":"12,67 €/KG","img":"https://fd8-photos.leclercdrive.fr/image.ashx?id=2916881&use=l&cat=p&typeid=i","cat":287899},{"id":186926,"n":"Tuiles Monster Munch Crazy paprika - 150g","p":1.9,"u":"12,67 €/KG","img":"https://fd8-photos.leclercdrive.fr/image.ashx?id=2955339&use=l&cat=p&typeid=i","cat":287899},{"id":186946,"n":"Mouliné Bio Village Bio - légumes variés  - 2x30cl","p":1.69,"u":"5,63 €/L","img":"https://fd8-photos.leclercdrive.fr/image.ashx?id=2404157&use=l&cat=p&typeid=i","cat":284462},{"id":186953,"n":"Lessive capsules 3-en-1 Ariel Unstoppable - Lavande - x27","p":17.52,"u":"29,25 €/KG","img":"https://fd8-photos.leclercdrive.fr/image.ashx?id=2530206&use=l&cat=p&typeid=i","cat":284641},{"id":186969,"n":"Mozzarella Di Bufala AOP Tradizioni d'Italia - 200g","p":3.31,"u":"16,55 €/KG","img":"https://fd8-photos.leclercdrive.fr/image.ashx?id=2391206&use=l&cat=p&typeid=i","cat":314026},{"id":187029,"n":"Coton-tiges ouatés Inell Boîte - x300 bâtonnets","p":0.73,"img":"https://fd8-photos.leclercdrive.fr/image.ashx?id=2824301&use=l&cat=p&typeid=i","cat":284636},{"id":187061,"n":"Chips Bret's Pesto Mozzarella 125g","p":1.95,"u":"15,60 €/KG","img":"https://fd8-photos.leclercdrive.fr/image.ashx?id=2629115&use=l&cat=p&typeid=i","cat":284447},{"id":187101,"n":"Papier cadeau DragonBall 2x0,7m","p":0.73,"img":"https://fd8-photos.leclercdrive.fr/image.ashx?id=2669319&use=l&cat=p&typeid=i","cat":335914},{"id":187126,"n":"Crunch Chocolat Noël Moulage Renne - 88g","p":2.12,"u":"24,09 €/KG","img":"https://fd8-photos.leclercdrive.fr/image.ashx?id=2394096&use=l&cat=p&typeid=i","cat":327592},{"id":187131,"n":"Marrons glacés Frutignac x9 - 155g","p":8.31,"u":"53,61 €/KG","img":"https://fd8-photos.leclercdrive.fr/image.ashx?id=2394243&use=l&cat=p&typeid=i","cat":327603},{"id":187160,"n":"Assortiment Novi pralinés chocolat 250g","p":8.49,"u":"33,96 €/KG","img":"https://fd8-photos.leclercdrive.fr/image.ashx?id=2615152&use=l&cat=p&typeid=i","cat":327595},{"id":187168,"n":"Assortiment Cuadro Novi 250g","p":8.49,"u":"33,96 €/KG","img":"https://fd8-photos.leclercdrive.fr/image.ashx?id=2615173&use=l&cat=p&typeid=i","cat":327595},{"id":187177,"n":"Bûche glacée L'Angélys Caramel beurre salé Poire 330g","p":10.63,"u":"32,21 €/KG","img":"https://fd8-photos.leclercdrive.fr/image.ashx?id=2902211&use=l&cat=p&typeid=i","cat":284266},{"id":187187,"n":"Tourteau chair&pattes Nautilus Lot de 2 - 210g","p":9.9,"u":"47,14 €/KG","img":"https://fd8-photos.leclercdrive.fr/image.ashx?id=2394549&use=l&cat=p&typeid=i","cat":305147},{"id":187198,"n":"Pain de mie 100% Mie Harrys Tranches épaisses Nature - 500g","p":2.35,"u":"4,70 €/KG","img":"https://fd8-photos.leclercdrive.fr/image.ashx?id=2686783&use=l&cat=p&typeid=i","cat":284477},{"id":187210,"n":"Porto Rose Dorrao 18%vol - 75cl","p":7.24,"u":"9,65 €/L","img":"https://fd8-photos.leclercdrive.fr/image.ashx?id=2869865&use=l&cat=p&typeid=i","cat":284913},{"id":187241,"n":"Savon Le Petit Marseillais  Solide amande douce - 2x100g","p":2.05,"u":"10,25 €/KG","img":"https://fd8-photos.leclercdrive.fr/image.ashx?id=2684203&use=l&cat=p&typeid=i","cat":284597},{"id":187247,"n":"Serviettes hygiéniques Always Cotton Protection Long - x9","p":3.43,"u":"0,38 €/P","img":"https://fd8-photos.leclercdrive.fr/image.ashx?id=2910225&use=l&cat=p&typeid=i","cat":284624},{"id":187272,"n":"Physyo croquettes pour chien maintenance 2kg","p":10.25,"u":"5,13 €/KG","img":"https://fd8-photos.leclercdrive.fr/image.ashx?id=2735923&use=l&cat=p&typeid=i","cat":294526},{"id":187287,"n":"Desserts Lactés P'TIT BRASSE Banane pêche 6M+ - 4x90g","p":2.1,"u":"5,83 €/KG","img":"https://fd8-photos.leclercdrive.fr/image.ashx?id=2616252&use=l&cat=p&typeid=i","cat":312392},{"id":187288,"n":"Desserts Lactés P'TIT BRASSE Poire SSA 6M+ - 4x90g","p":1.7,"u":"4,72 €/KG","img":"https://fd8-photos.leclercdrive.fr/image.ashx?id=2593050&use=l&cat=p&typeid=i","cat":312392},{"id":187290,"n":"Rasoirs jetables Gillette Blue II Oympic - Lot 5x10","p":18.98,"u":"0,38 €/P","img":"https://fd8-photos.leclercdrive.fr/image.ashx?id=2497782&use=l&cat=p&typeid=i","cat":284616},{"id":187293,"n":"Rasoirs jetables Gillette Blue Olympic - Lot 5x4","p":23.1,"u":"1,16 €/P","img":"https://fd8-photos.leclercdrive.fr/image.ashx?id=2497785&use=l&cat=p&typeid=i","cat":284616},{"id":187295,"n":"Rasoirs jetables Gillette Blue II Olympic - Lot 5x10","p":20.23,"u":"0,40 €/P","img":"https://fd8-photos.leclercdrive.fr/image.ashx?id=2400747&use=l&cat=p&typeid=i","cat":284616},{"id":187319,"n":"Soupe de nouilles instantannées Poulet teriyaki façon jap - 67g","p":2.29,"u":"34,18 €/KG","img":"https://fd8-photos.leclercdrive.fr/image.ashx?id=2395252&use=l&cat=p&typeid=i","cat":288992},{"id":187343,"n":"Bûche Pilpa Exquise 3 Chocolats - 535g","p":5.27,"u":"9,85 €/KG","img":"https://fd8-photos.leclercdrive.fr/image.ashx?id=2751027&use=l&cat=p&typeid=i","cat":284266},{"id":187344,"n":"Bûche Pilpa Caramel beurre salé - 535g","p":5.27,"u":"9,85 €/KG","img":"https://fd8-photos.leclercdrive.fr/image.ashx?id=2751036&use=l&cat=p&typeid=i","cat":284266},{"id":187345,"n":"Bûche Nestlé Délice à l'Ancienne - 540g","p":7.45,"u":"13,80 €/KG","img":"https://fd8-photos.leclercdrive.fr/image.ashx?id=2749982&use=l&cat=p&typeid=i","cat":284266},{"id":187352,"n":"Bûche Pilpa Caprices des Îles - 564g","p":5.27,"u":"9,34 €/KG","img":"https://fd8-photos.leclercdrive.fr/image.ashx?id=2749961&use=l&cat=p&typeid=i","cat":284266},{"id":187354,"n":"Bûche Signature Eskiss Citron - 478g","p":5.59,"u":"11,69 €/KG","img":"https://fd8-photos.leclercdrive.fr/image.ashx?id=2791362&use=l&cat=p&typeid=i","cat":284266},{"id":187355,"n":"Bûche Signature Eskiss Nougat - 487g","p":5.59,"u":"11,48 €/KG","img":"https://fd8-photos.leclercdrive.fr/image.ashx?id=2791365&use=l&cat=p&typeid=i","cat":284266},{"id":187356,"n":"Bûche Signature Eskiss Coco Mangue - 476g","p":5.59,"u":"11,74 €/KG","img":"https://fd8-photos.leclercdrive.fr/image.ashx?id=2791368&use=l&cat=p&typeid=i","cat":284266},{"id":187357,"n":"Bûche Signature Eskiss Vanille Caramel - 490g","p":5.59,"u":"11,41 €/KG","img":"https://fd8-photos.leclercdrive.fr/image.ashx?id=2791371&use=l&cat=p&typeid=i","cat":284266},{"id":187358,"n":"Bûche Signature Eskiss Façon rocher - 501g","p":5.59,"u":"11,16 €/KG","img":"https://fd8-photos.leclercdrive.fr/image.ashx?id=2791374&use=l&cat=p&typeid=i","cat":284266},{"id":187365,"n":"Desserts Lactés P'TIT BRASSE Nature 6M+ - 4x90g","p":1.7,"u":"4,72 €/KG","img":"https://fd8-photos.leclercdrive.fr/image.ashx?id=2594223&use=l&cat=p&typeid=i","cat":312392},{"id":187368,"n":"Chips Domaine de la Croustille Au sel de Guérande - 130g","p":2.02,"u":"15,54 €/KG","img":"https://fd8-photos.leclercdrive.fr/image.ashx?id=2396419&use=l&cat=p&typeid=i","cat":284447},{"id":187369,"n":"Escargots de Bourgogne Escal x60 - 336g","p":18.97,"u":"56,46 €/KG","img":"https://fd8-photos.leclercdrive.fr/image.ashx?id=2913241&use=l&cat=p&typeid=i","cat":319775},{"id":187370,"n":"Chips Domaine de la Croustille A la truffe - 130g","p":2.36,"u":"18,15 €/KG","img":"https://fd8-photos.leclercdrive.fr/image.ashx?id=2396422&use=l&cat=p&typeid=i","cat":284447},{"id":187373,"n":"Soda Fanta exotique 1.25L","p":1.88,"u":"1,50 €/L","img":"https://fd8-photos.leclercdrive.fr/image.ashx?id=2678170&use=l&cat=p&typeid=i","cat":284532},{"id":187379,"n":"Bûche glacée Erhard Vanille Caramel - 470g","p":9.97,"u":"21,21 €/KG","img":"https://fd8-photos.leclercdrive.fr/image.ashx?id=2395939&use=l&cat=p&typeid=i","cat":284266},{"id":187383,"n":"Fromage à tartiner Madame Loïk Fouetté Ail Fines Herbes - 275g","p":3.25,"u":"11,82 €/KG","img":"https://fd8-photos.leclercdrive.fr/image.ashx?id=2774619&use=l&cat=p&typeid=i","cat":314029},{"id":187385,"n":"IGP Foie gras de canard entier mi-cuit Lartigue et Fils - 300g","p":23.1,"u":"77,00 €/KG","img":"https://fd8-photos.leclercdrive.fr/image.ashx?id=2395957&use=l&cat=p&typeid=i","cat":316008},{"id":187392,"n":"Tagliatelle Lustucru Selection  Basilic - 300g","p":2.33,"u":"7,77 €/KG","img":"https://fd8-photos.leclercdrive.fr/image.ashx?id=2939490&use=l&cat=p&typeid=i","cat":333682},{"id":187395,"n":"Tortellini Lustucru Selection  Poulet Crème 300g","p":2.89,"u":"9,63 €/KG","img":"https://fd8-photos.leclercdrive.fr/image.ashx?id=2975212&use=l&cat=p&typeid=i","cat":333682},{"id":187405,"n":"Petits pois très fins Notre Jardin - 1kg","p":1.79,"img":"https://fd8-photos.leclercdrive.fr/image.ashx?id=2900166&use=l&cat=p&typeid=i","cat":319805},{"id":187410,"n":"Yaourt Délisse Fraise - 4x150g","p":1.99,"u":"3,32 €/P","img":"https://fd8-photos.leclercdrive.fr/image.ashx?id=2883029&use=l&cat=p&typeid=i","cat":314999},{"id":187445,"n":"Sandwich jambon emmental Daunat Le Goûteux - 220g","p":2.99,"u":"13,59 €/KG","img":"https://fd8-photos.leclercdrive.fr/image.ashx?id=2623232&use=l&cat=p&typeid=i","cat":333658},{"id":187453,"n":"Thé noir Lipton Yellow x100 sachets - 200g","p":4.62,"u":"23,10 €/KG","img":"https://fd8-photos.leclercdrive.fr/image.ashx?id=2517655&use=l&cat=p&typeid=i","cat":293233},{"id":187454,"n":"Crème dessert Sojasun Caramel pointe de sel - 4x100g","p":1.44,"u":"3,60 €/KG","img":"https://fd8-photos.leclercdrive.fr/image.ashx?id=2397349&use=l&cat=p&typeid=i","cat":316071},{"id":187460,"n":"Sous-vêtements de nuit Ninjamas Fille - T7 - x10","p":8.53,"u":"0,85 €/P","img":"https://fd8-photos.leclercdrive.fr/image.ashx?id=2507212&use=l&cat=p&typeid=i","cat":290633},{"id":187461,"n":"Préparation Tablier Blanc Fondant au chocolat - 320g","p":2.19,"u":"6,84 €/KG","img":"https://fd8-photos.leclercdrive.fr/image.ashx?id=2487500&use=l&cat=p&typeid=i","cat":284505},{"id":187471,"n":"Bûche glacée L'Angélys Chocolat Mandarine - 330g","p":9.2,"u":"27,88 €/KG","img":"https://fd8-photos.leclercdrive.fr/image.ashx?id=2902208&use=l&cat=p&typeid=i","cat":284266},{"id":187483,"n":"Pâtes Côté Table  Saumon épinard - 900g","p":5.92,"u":"6,58 €/KG","img":"https://fd8-photos.leclercdrive.fr/image.ashx?id=2900187&use=l&cat=p&typeid=i","cat":284254},{"id":187493,"n":"Brassés brebis Baby Bio Bio mirabelle - 260g","p":2.89,"u":"11,12 €/KG","img":"https://fd8-photos.leclercdrive.fr/image.ashx?id=2875393&use=l&cat=p&typeid=i","cat":312392},{"id":187501,"n":"Fuet Extra L'Origine du Goût - 155g","p":2.85,"u":"18,39 €/KG","img":"https://fd8-photos.leclercdrive.fr/image.ashx?id=2399862&use=l&cat=p&typeid=i","cat":316006},{"id":187547,"n":"Moutarde Fine & Forte AMORA Flacon Souple - 460g","p":2.03,"u":"4,41 €/KG","img":"https://fd8-photos.leclercdrive.fr/image.ashx?id=2877271&use=l&cat=p&typeid=i","cat":288850},{"id":187568,"n":"Jeu des petits chevaux en bois  Kidway","p":12.9,"img":"https://fd8-photos.leclercdrive.fr/image.ashx?id=2412120&use=l&cat=p&typeid=i","cat":334378},{"id":187573,"n":"Jeu de l'oie en bois Kidway","p":13.9,"img":"https://fd8-photos.leclercdrive.fr/image.ashx?id=2412132&use=l&cat=p&typeid=i","cat":334378},{"id":187576,"n":"Pâtes Coquillette Panzani Complètement Bon - 500G","p":1.71,"u":"3,42 €/KG","img":"https://fd8-photos.leclercdrive.fr/image.ashx?id=2902960&use=l&cat=p&typeid=i","cat":284427},{"id":187578,"n":"Pâtes Torti Panzani Complètement Bon - 500G","p":1.71,"u":"3,42 €/KG","img":"https://fd8-photos.leclercdrive.fr/image.ashx?id=2902963&use=l&cat=p&typeid=i","cat":284427},{"id":187588,"n":"Dessert Sojasun Chocolat Noisette - 4x100g","p":1.44,"u":"3,60 €/KG","img":"https://fd8-photos.leclercdrive.fr/image.ashx?id=2398580&use=l&cat=p&typeid=i","cat":316071},{"id":187605,"n":"Brassé bio Baby Bio Chèvre abricot banane - 260g","p":4.15,"u":"15,96 €/KG","img":"https://fd8-photos.leclercdrive.fr/image.ashx?id=2858231&use=l&cat=p&typeid=i","cat":312392},{"id":187613,"n":"Petits pots bébé P'TITE RECETTE Poisson provençal 12M+ - 2x200g","p":1.88,"u":"4,70 €/KG","img":"https://fd8-photos.leclercdrive.fr/image.ashx?id=2737150&use=l&cat=p&typeid=i","cat":312237},{"id":187631,"n":"Estragon de France Sainte Lucie 50g","p":5.79,"u":"115,80 €/KG","img":"https://fd8-photos.leclercdrive.fr/image.ashx?id=2774310&use=l&cat=p&typeid=i","cat":298297},{"id":187632,"n":"Boisson aux fruits Jafun Troipical - 1.5L","p":1.4,"u":"0,93 €/L","img":"https://fd8-photos.leclercdrive.fr/image.ashx?id=2956783&use=l&cat=p&typeid=i","cat":284916},{"id":187633,"n":"Boisson aux fruits Jafun Fruits du Verger - 1.5L","p":1.39,"u":"0,93 €/L","img":"https://fd8-photos.leclercdrive.fr/image.ashx?id=2956786&use=l&cat=p&typeid=i","cat":284917},{"id":187701,"n":"Galettes St Michel 208g","p":2.09,"u":"10,05 €/KG","img":"https://fd8-photos.leclercdrive.fr/image.ashx?id=2936218&use=l&cat=p&typeid=i","cat":284487},{"id":187702,"n":"Biscuit petit beurre St Michel 180g","p":1.69,"u":"9,39 €/KG","img":"https://fd8-photos.leclercdrive.fr/image.ashx?id=3002051&use=l&cat=p&typeid=i","cat":284487},{"id":187703,"n":"Galettes Spéculoos St Michel 130g","p":0.73,"u":"5,62 €/KG","img":"https://fd8-photos.leclercdrive.fr/image.ashx?id=2915922&use=l&cat=p&typeid=i","cat":284487},{"id":187705,"n":"Galettes moelleuses napées  St Michel Format familial 360g","p":3.79,"u":"10,53 €/KG","img":"https://fd8-photos.leclercdrive.fr/image.ashx?id=2949982&use=l&cat=p&typeid=i","cat":284495},{"id":187706,"n":"Madeleine Bonne Maman Citron - 300g","p":3.69,"u":"12,30 €/KG","img":"https://fd8-photos.leclercdrive.fr/image.ashx?id=2936227&use=l&cat=p&typeid=i","cat":284492},{"id":187707,"n":"Madeleine Bonne Maman Chocolat - 300g","p":3.95,"u":"13,17 €/KG","img":"https://fd8-photos.leclercdrive.fr/image.ashx?id=2957020&use=l&cat=p&typeid=i","cat":284492},{"id":187714,"n":"Gateau Tamtam St Michel Chocolat blanc - x8 - 220g","p":2.22,"u":"10,09 €/KG","img":"https://fd8-photos.leclercdrive.fr/image.ashx?id=2949958&use=l&cat=p&typeid=i","cat":284495},{"id":187719,"n":"Biscuit Chocorico St Michel 225g","p":1.57,"u":"6,98 €/KG","img":"https://fd8-photos.leclercdrive.fr/image.ashx?id=2949994&use=l&cat=p&typeid=i","cat":284488},{"id":187767,"n":"Shampooing Head & Shoulders 2en1 Citrus - 480ml","p":8.81,"u":"18,35 €/L","img":"https://fd8-photos.leclercdrive.fr/image.ashx?id=2517040&use=l&cat=p&typeid=i","cat":284606},{"id":187768,"n":"Brosse à dents électrique Oral-B Pro 3 Cross Action Noir","p":65.3,"img":"https://fd8-photos.leclercdrive.fr/image.ashx?id=2544940&use=l&cat=p&typeid=i","cat":297133},{"id":187845,"n":"Pat Patrouille second véhicule Chase - Dès 3 ans","p":22.88,"img":"https://fd8-photos.leclercdrive.fr/image.ashx?id=2415195&use=l&cat=p&typeid=i","cat":334382},{"id":187846,"n":"Pat Patrouille second véhicule Marcus - Dès 3 ans","p":22.88,"img":"https://fd8-photos.leclercdrive.fr/image.ashx?id=2415198&use=l&cat=p&typeid=i","cat":334382},{"id":187847,"n":"Play-Doh sceau de 20 pots Dès 3 ans","p":19.46,"img":"https://fd8-photos.leclercdrive.fr/image.ashx?id=2415189&use=l&cat=p&typeid=i","cat":334381},{"id":187849,"n":"R/c Yoshi quad 1:20e Dès 6 ans","p":34.41,"u":"Dont 0,22 € d'éco-part.","img":"https://fd8-photos.leclercdrive.fr/image.ashx?id=2415120&use=l&cat=p&typeid=i","cat":334382},{"id":187852,"n":"Quartier général Dino Rescue Dès 3 ans","p":43.68,"u":"Dont 0,20 € d'éco-part.","img":"https://fd8-photos.leclercdrive.fr/image.ashx?id=2415129&use=l&cat=p&typeid=i","cat":334380},{"id":187862,"n":"Camion Pat Patrouille Dino Pat Dès 3 ans","p":59.92,"u":"Dont 0,20 € d'éco-part.","img":"https://fd8-photos.leclercdrive.fr/image.ashx?id=2415126&use=l&cat=p&typeid=i","cat":334382},{"id":187871,"n":"Monsieur Patate Safari Dès 2 ans","p":29.98,"img":"https://fd8-photos.leclercdrive.fr/image.ashx?id=2415183&use=l&cat=p&typeid=i","cat":334380},{"id":187872,"n":"Nerf Elite 2.0 Motoblitz CS-10 Dès 8 ans","p":34.22,"u":"Dont 0,10 € d'éco-part.","img":"https://fd8-photos.leclercdrive.fr/image.ashx?id=2415159&use=l&cat=p&typeid=i","cat":334381},{"id":187876,"n":"Coffret 8 véhicules Dino Rescue Dès 3 ans","p":28.11,"img":"https://fd8-photos.leclercdrive.fr/image.ashx?id=2415132&use=l&cat=p&typeid=i","cat":334382},{"id":187880,"n":"Bakugan coffret battle Dès 6 ans","p":19.4,"img":"https://fd8-photos.leclercdrive.fr/image.ashx?id=2415141&use=l&cat=p&typeid=i","cat":334381},{"id":187908,"n":"Coffret Washimals Dès 3 ans","p":31.69,"img":"https://fd8-photos.leclercdrive.fr/image.ashx?id=2415108&use=l&cat=p&typeid=i","cat":334381},{"id":187924,"n":"Ciboulette Sainte Lucie Tibulaire - 10g","p":2.24,"u":"224,00 €/KG","img":"https://fd8-photos.leclercdrive.fr/image.ashx?id=2774448&use=l&cat=p&typeid=i","cat":298297},{"id":187929,"n":"Nouilles Sautées Yakisoba Classique - 93g","p":1.58,"u":"16,99 €/KG","img":"https://fd8-photos.leclercdrive.fr/image.ashx?id=2536140&use=l&cat=p&typeid=i","cat":288992},{"id":187930,"n":"Nouilles Sautées Yakisoba Poulet - 93g","p":1.58,"u":"16,99 €/KG","img":"https://fd8-photos.leclercdrive.fr/image.ashx?id=2536143&use=l&cat=p&typeid=i","cat":288992},{"id":187931,"n":"Nouilles Sautées Yakisoba Curry - 93g","p":1.58,"u":"16,99 €/KG","img":"https://fd8-photos.leclercdrive.fr/image.ashx?id=2536146&use=l&cat=p&typeid=i","cat":288992},{"id":187932,"n":"Nouilles sautées Yakisoba Boeuf - 93g","p":1.58,"u":"16,99 €/KG","img":"https://fd8-photos.leclercdrive.fr/image.ashx?id=3004423&use=l&cat=p&typeid=i","cat":288992},{"id":187933,"n":"Nouilles sautées Yakisoba  BBQ - 93g","p":1.58,"u":"16,99 €/KG","img":"https://fd8-photos.leclercdrive.fr/image.ashx?id=2536152&use=l&cat=p&typeid=i","cat":288992},{"id":187986,"n":"Déodorant stick Mennen  Homme intraçable 72h - 60ml","p":4.35,"u":"72,50 €/L","img":"https://fd8-photos.leclercdrive.fr/image.ashx?id=2402346&use=l&cat=p&typeid=i","cat":284618},{"id":187987,"n":"Déodorant stick Homme Mennen 24H Musk Sans Alcool - 60ml","p":3.23,"u":"53,83 €/L","img":"https://fd8-photos.leclercdrive.fr/image.ashx?id=2869113&use=l&cat=p&typeid=i","cat":284618},{"id":187989,"n":"Lait corps hydratant Mixa Raffermissant  - 250ml","p":3.46,"u":"13,84 €/L","img":"https://fd8-photos.leclercdrive.fr/image.ashx?id=2402358&use=l&cat=p&typeid=i","cat":325349},{"id":187990,"n":"Lait Corps Réparateur Mixa Peau abîmée desséchée - 300ml","p":4.55,"u":"15,17 €/L","img":"https://fd8-photos.leclercdrive.fr/image.ashx?id=2908186&use=l&cat=p&typeid=i","cat":325349},{"id":187999,"n":"Lait Corps réparateur Mixa Peaux desséchées - 300ml","p":3.85,"u":"12,83 €/L","img":"https://fd8-photos.leclercdrive.fr/image.ashx?id=2402394&use=l&cat=p&typeid=i","cat":325349},{"id":188001,"n":"Gel coiffant Vivelle DOP Fixation Extrême - 190ml","p":3.77,"u":"19,84 €/L","img":"https://fd8-photos.leclercdrive.fr/image.ashx?id=2402403&use=l&cat=p&typeid=i","cat":284609},{"id":188003,"n":"Gel Coiffant Béton Dop Vivelle Fixation 24h - 190ml","p":3.77,"u":"19,84 €/L","img":"https://fd8-photos.leclercdrive.fr/image.ashx?id=2402406&use=l&cat=p&typeid=i","cat":284609},{"id":188007,"n":"Gel Coiffant Vivelle Dop Fixation invisible - 190ml","p":3.63,"u":"19,11 €/L","img":"https://fd8-photos.leclercdrive.fr/image.ashx?id=2402397&use=l&cat=p&typeid=i","cat":284609},{"id":188011,"n":"Tablette de chocolat Lindt Lait noisettes - 2x100g","p":4.79,"u":"23,95 €/KG","img":"https://fd8-photos.leclercdrive.fr/image.ashx?id=2654614&use=l&cat=p&typeid=i","cat":284497},{"id":188013,"n":"Tablette de chocolat Lindt Lait extra fin - 3x100g","p":5.89,"u":"19,63 €/KG","img":"https://fd8-photos.leclercdrive.fr/image.ashx?id=2655853&use=l&cat=p&typeid=i","cat":284497},{"id":188160,"n":"Whisky Roe & Co  45% vol. - 70cl","p":32.91,"u":"47,01 €/L","img":"https://fd8-photos.leclercdrive.fr/image.ashx?id=2525405&use=l&cat=p&typeid=i","cat":284547},{"id":188168,"n":"Féta AOP Salakis Fromage brebis et chèvre - 150g","p":2.31,"u":"15,40 €/KG","img":"https://fd8-photos.leclercdrive.fr/image.ashx?id=2879128&use=l&cat=p&typeid=i","cat":314026},{"id":188270,"n":"Adoucissant concentré Soupline Active fresh - Gardénia - 1.2L","p":5.69,"u":"4,74 €/L","img":"https://fd8-photos.leclercdrive.fr/image.ashx?id=2488193&use=l&cat=p&typeid=i","cat":284650},{"id":188271,"n":"Matière grasse doux Astra  À tartiner à cuire 70%MG - 500g","p":2.67,"u":"5,34 €/KG","img":"https://fd8-photos.leclercdrive.fr/image.ashx?id=2406301&use=l&cat=p&typeid=i","cat":315229},{"id":188293,"n":"Moutarde Amora Mi-forte - 260g","p":2.45,"u":"9,42 €/KG","img":"https://fd8-photos.leclercdrive.fr/image.ashx?id=3005398&use=l&cat=p&typeid=i","cat":288850},{"id":188295,"n":"Jambon Le Bon Paris Herta À l'étouffée x4 - 170g","p":2.25,"u":"13,24 €/KG","img":"https://fd8-photos.leclercdrive.fr/image.ashx?id=2731390&use=l&cat=p&typeid=i","cat":316009},{"id":188296,"n":"Jambon Le Bon Paris Herta À l'étouffée x6 - 255g","p":3.29,"u":"12,90 €/KG","img":"https://fd8-photos.leclercdrive.fr/image.ashx?id=2418720&use=l&cat=p&typeid=i","cat":316009},{"id":188297,"n":"Jambon Le Bon Paris Herta À l'étouffée x8 - 340g","p":3.99,"u":"11,74 €/KG","img":"https://fd8-photos.leclercdrive.fr/image.ashx?id=2921519&use=l&cat=p&typeid=i","cat":316009},{"id":188299,"n":"Jambon Le Bon Paris Herta À l'étouffée x10 - 425g","p":4.85,"u":"11,41 €/KG","img":"https://fd8-photos.leclercdrive.fr/image.ashx?id=2757599&use=l&cat=p&typeid=i","cat":316009},{"id":188722,"n":"Avocats mûrs à point  Panier du Primeur x2","p":3.39,"u":"1,70 €/P","img":"https://fd8-photos.leclercdrive.fr/image.ashx?id=2373012&use=l&cat=p&typeid=i","cat":284352},{"id":188739,"n":"Avocats Eco+ Filet x3","p":1.99,"u":"0,66 €/P","img":"https://fd8-photos.leclercdrive.fr/image.ashx?id=2373009&use=l&cat=p&typeid=i","cat":284352},{"id":188808,"n":"Banane Bio Max Havelaar  Bio Village x5","p":1.99,"u":"0,40 €/P","img":"https://fd8-photos.leclercdrive.fr/image.ashx?id=2323988&use=l&cat=p&typeid=i","cat":284356},{"id":188850,"n":"Basilic  30g","p":1.28,"u":"42,67 €/KG","img":"https://fd8-photos.leclercdrive.fr/image.ashx?id=588942&use=l&cat=p&typeid=i","cat":293607},{"id":189022,"n":"Carotte Bio Bio Village 1kg","p":1.89,"u":"1,89 €/KG","img":"https://fd8-photos.leclercdrive.fr/image.ashx?id=1457160&use=l&cat=p&typeid=i","cat":284352},{"id":189702,"n":"Ciboulette  20g","p":1.27,"u":"63,50 €/KG","img":"https://fd8-photos.leclercdrive.fr/image.ashx?id=588960&use=l&cat=p&typeid=i","cat":293607},{"id":189756,"n":"Citrons bio Bio Village Sachet x4","p":1.99,"u":"0,50 €/P","img":"https://fd8-photos.leclercdrive.fr/image.ashx?id=2805063&use=l&cat=p&typeid=i","cat":284356},{"id":190380,"n":"Courgettes Bio Bio Village Filet - 750g","p":3.99,"u":"5,32 €/KG","img":"https://fd8-photos.leclercdrive.fr/image.ashx?id=2625698&use=l&cat=p&typeid=i","cat":284352},{"id":190458,"n":"Échalotes traditionnelles bio  Bio Village - 250g","p":1.99,"u":"7,96 €/KG","img":"https://fd8-photos.leclercdrive.fr/image.ashx?id=2922454&use=l&cat=p&typeid=i","cat":284352},{"id":190572,"n":"Endives jeunes pousses  Nos Régions ont du Talent x6","p":2.49,"u":"9,58 €/KG","img":"https://fd8-photos.leclercdrive.fr/image.ashx?id=2778099&use=l&cat=p&typeid=i","cat":284352},{"id":190899,"n":"Tomates rondes Eco+ Filet 1kg","p":1.89,"u":"1,89 €/KG","img":"https://fd8-photos.leclercdrive.fr/image.ashx?id=2769420&use=l&cat=p&typeid=i","cat":284352},{"id":191140,"n":"Patate douce bio Bio Village 500g","p":2.49,"u":"4,98 €/KG","img":"https://fd8-photos.leclercdrive.fr/image.ashx?id=2934805&use=l&cat=p&typeid=i","cat":284352},{"id":191749,"n":"Pomme de terre Bio Bio Village Four Potage - 1.5kg","p":2.99,"u":"1,99 €/KG","img":"https://fd8-photos.leclercdrive.fr/image.ashx?id=2959752&use=l&cat=p&typeid=i","cat":284352},{"id":192160,"n":"Pommes de terre Eco+ 1.5kg","p":0.99,"u":"0,66 €/KG","img":"https://fd8-photos.leclercdrive.fr/image.ashx?id=2282349&use=l&cat=p&typeid=i","cat":284352},{"id":192750,"n":"Pommes jaunes Eco+ Sachet 2kg","p":2.99,"u":"1,50 €/KG","img":"https://fd8-photos.leclercdrive.fr/image.ashx?id=2441890&use=l&cat=p&typeid=i","cat":284356},{"id":192885,"n":"Pomelos Eco+ Filet x3","p":1.79,"u":"0,60 €/P","img":"https://fd8-photos.leclercdrive.fr/image.ashx?id=2680524&use=l&cat=p&typeid=i","cat":284356},{"id":193068,"n":"Poivron Bicolore bio Bio Village x2","p":2.79,"u":"1,40 €/P","img":"https://fd8-photos.leclercdrive.fr/image.ashx?id=2960541&use=l&cat=p&typeid=i","cat":284352},{"id":193080,"n":"Poivrons bicolores Eco+ x2","p":1.02,"u":"0,51 €/P","img":"https://fd8-photos.leclercdrive.fr/image.ashx?id=2709716&use=l&cat=p&typeid=i","cat":284352},{"id":193590,"n":"Kiwis jaunes 4p","p":3.79,"img":"https://fd8-photos.leclercdrive.fr/image.ashx?id=1633952&use=l&cat=p&typeid=i","cat":284356},{"id":194064,"n":"Jambon Le Bon Paris Herta  sans nitrite x6 - 210g","p":3.79,"u":"18,05 €/KG","img":"https://fd8-photos.leclercdrive.fr/image.ashx?id=2731396&use=l&cat=p&typeid=i","cat":316009},{"id":194071,"n":"Jambon Le Bon Paris Herta -25% de sel x2 - 70g","p":1.65,"u":"23,57 €/KG","img":"https://fd8-photos.leclercdrive.fr/image.ashx?id=2405899&use=l&cat=p&typeid=i","cat":316009},{"id":194073,"n":"Jambon Le Bon Paris Herta -25% de sel x4 - 140g","p":2.49,"u":"17,79 €/KG","img":"https://fd8-photos.leclercdrive.fr/image.ashx?id=2995067&use=l&cat=p&typeid=i","cat":316009},{"id":194075,"n":"Jambon Le Bon Paris Herta -25%  de sel sans nitrite x4 - 140g","p":2.89,"u":"20,64 €/KG","img":"https://fd8-photos.leclercdrive.fr/image.ashx?id=2910124&use=l&cat=p&typeid=i","cat":316009},{"id":194078,"n":"Jambon Le Bon Paris Herta Fumé x4 - 140g","p":2.69,"u":"19,21 €/KG","img":"https://fd8-photos.leclercdrive.fr/image.ashx?id=2918664&use=l&cat=p&typeid=i","cat":316009},{"id":194080,"n":"Jambon Le Bon Paris Herta  broche sans nitrite x4 - 140g","p":3.14,"u":"22,43 €/KG","img":"https://fd8-photos.leclercdrive.fr/image.ashx?id=2881804&use=l&cat=p&typeid=i","cat":316009},{"id":194081,"n":"Jambon Le Bon Paris Fumé Herta sans nitrite x4 - 140g","p":2.95,"u":"21,07 €/KG","img":"https://fd8-photos.leclercdrive.fr/image.ashx?id=2881807&use=l&cat=p&typeid=i","cat":316009},{"id":194088,"n":"Barquette chien poulet dinde Edgard et Cooper - 300g","p":1.91,"u":"6,37 €/KG","img":"https://fd8-photos.leclercdrive.fr/image.ashx?id=2406217&use=l&cat=p&typeid=i","cat":284673},{"id":194089,"n":"Barquette chiot Edgar et Cooper Poulet/canard - 300g","p":2.91,"u":"9,70 €/KG","img":"https://fd8-photos.leclercdrive.fr/image.ashx?id=2406220&use=l&cat=p&typeid=i","cat":284673},{"id":194090,"n":"Mickey Minnie Mouse camping Lego Disney - Dès 4 ans","p":40.15,"img":"https://fd8-photos.leclercdrive.fr/image.ashx?id=2577562&use=l&cat=p&typeid=i","cat":334380},{"id":194091,"n":"MickeyMinnie Dingo fête foraine Lego Disney - Dès 4 ans","p":32.55,"img":"https://fd8-photos.leclercdrive.fr/image.ashx?id=2409565&use=l&cat=p&typeid=i","cat":334380},{"id":194092,"n":"Mickey et défenseurs du château Lego Disney - Dès 4 ans","p":46.26,"img":"https://fd8-photos.leclercdrive.fr/image.ashx?id=2408048&use=l&cat=p&typeid=i","cat":334380},{"id":194206,"n":"Cube sensoriel Sophie la girafe Dès 3 ans","p":17.89,"img":"https://fd8-photos.leclercdrive.fr/image.ashx?id=2414708&use=l&cat=p&typeid=i","cat":334379},{"id":194215,"n":"Navire de combat des Burnham Playmobil - Dès 4 ans","p":49.99,"img":"https://fd8-photos.leclercdrive.fr/image.ashx?id=2405605&use=l&cat=p&typeid=i","cat":334380},{"id":194216,"n":"Fourgon l'agence tous risques Playmobil - Dès 5 ans","p":60.15,"img":"https://fd8-photos.leclercdrive.fr/image.ashx?id=2405608&use=l&cat=p&typeid=i","cat":334380},{"id":194218,"n":"James Bond Aston Martin DB5 Playmobil - Dès 5 ans","p":59.99,"img":"https://fd8-photos.leclercdrive.fr/image.ashx?id=2405602&use=l&cat=p&typeid=i","cat":334380},{"id":194284,"n":"Machstick chien moyen fraise et menthe Edgard Cooper - 160g","p":3.21,"u":"20,06 €/KG","img":"https://fd8-photos.leclercdrive.fr/image.ashx?id=2407952&use=l&cat=p&typeid=i","cat":294527},{"id":194292,"n":"Croquette chien poulet Edgard et Cooper - 1kg","p":6.43,"u":"6,43 €/KG","img":"https://fd8-photos.leclercdrive.fr/image.ashx?id=2407964&use=l&cat=p&typeid=i","cat":284672},{"id":194293,"n":"Croquette chiot poulet Edgard et Cooper - 1kg","p":6.43,"u":"6,43 €/KG","img":"https://fd8-photos.leclercdrive.fr/image.ashx?id=2407967&use=l&cat=p&typeid=i","cat":284672},{"id":194296,"n":"Bloc de fromage Leerdammer Le Moelleux - 250g","p":3.68,"u":"14,72 €/KG","img":"https://fd8-photos.leclercdrive.fr/image.ashx?id=2421606&use=l&cat=p&typeid=i","cat":314034},{"id":194297,"n":"Tranches de fromage Leerdammer L'Original - 8 Tranches - 200g","p":2.45,"u":"12,25 €/KG","img":"https://fd8-photos.leclercdrive.fr/image.ashx?id=2489199&use=l&cat=p&typeid=i","cat":314028},{"id":194298,"n":"Tranches de fromage Leerdammer L'Original - 16 Tranches - 400g","p":4.62,"u":"11,55 €/KG","img":"https://fd8-photos.leclercdrive.fr/image.ashx?id=2489196&use=l&cat=p&typeid=i","cat":314028},{"id":194299,"n":"Tranches de fromage Leerdammer Le Moelleux-10 Tranches-250g","p":4.09,"u":"16,36 €/KG","img":"https://fd8-photos.leclercdrive.fr/image.ashx?id=2507599&use=l&cat=p&typeid=i","cat":314028},{"id":194302,"n":"Tranches de fromage Leerdammer Le Moelleux - 6 Tranches - 150g","p":2.59,"u":"17,27 €/KG","img":"https://fd8-photos.leclercdrive.fr/image.ashx?id=2507590&use=l&cat=p&typeid=i","cat":314028},{"id":194310,"n":"Bonbons KINDER Schoko-Bons Chocolat blanc - 200G","p":4.46,"u":"22,30 €/KG","img":"https://fd8-photos.leclercdrive.fr/image.ashx?id=2406265&use=l&cat=p&typeid=i","cat":304238},{"id":194553,"n":"Tête à coiffer Raiponce Deluxe Dès 3 ans","p":52.55,"img":"https://fd8-photos.leclercdrive.fr/image.ashx?id=2609088&use=l&cat=p&typeid=i","cat":334379},{"id":194555,"n":"Trivial Pursuit Décennie 2010-2020 - Dès 16 ans","p":27.0,"img":"https://fd8-photos.leclercdrive.fr/image.ashx?id=2407922&use=l&cat=p&typeid=i","cat":334378},{"id":194561,"n":"Spider-Man car and Miles Moral Dès 4 ans","p":29.99,"img":"https://fd8-photos.leclercdrive.fr/image.ashx?id=2407934&use=l&cat=p&typeid=i","cat":334382},{"id":194578,"n":"Dobble Versus Dès 6 ans","p":18.34,"img":"https://fd8-photos.leclercdrive.fr/image.ashx?id=2407643&use=l&cat=p&typeid=i","cat":334378},{"id":194579,"n":"Tic Tac Boum - Nouvelle version Dès 8 ans","p":27.99,"u":"Dont 0,13 € d'éco-part.","img":"https://fd8-photos.leclercdrive.fr/image.ashx?id=2647083&use=l&cat=p&typeid=i","cat":334378},{"id":194603,"n":"Coffret Clinique de Barbie Dès 4 ans","p":44.79,"pp":29.56,"img":"https://fd8-photos.leclercdrive.fr/image.ashx?id=2406929&use=l&cat=p&typeid=i","cat":334379},{"id":194606,"n":"Barbie Joyeux Noël blonde Dès 6 ans","p":35.92,"pp":23.71,"img":"https://fd8-photos.leclercdrive.fr/image.ashx?id=2406836&use=l&cat=p&typeid=i","cat":334379},{"id":194607,"n":"Barbie Joyeux Noël brune Dès 6 ans","p":48.49,"pp":32.0,"img":"https://fd8-photos.leclercdrive.fr/image.ashx?id=2406842&use=l&cat=p&typeid=i","cat":334379},{"id":194618,"n":"Figurine Buzz ultime 30cm Disney Pixar - Dès 4 ans","p":41.48,"pp":27.38,"u":"Dont 0,25 € d'éco-part.","img":"https://fd8-photos.leclercdrive.fr/image.ashx?id=2406902&use=l&cat=p&typeid=i","cat":334380},{"id":194699,"n":"Lait Corps Nourissant Mixa Effet Soleil - 250ml","p":5.09,"u":"20,36 €/L","img":"https://fd8-photos.leclercdrive.fr/image.ashx?id=2409379&use=l&cat=p&typeid=i","cat":325349},{"id":195892,"n":"Mini brownie chocolat St Michel - 8x240g","p":2.08,"u":"8,67 €/KG","img":"https://fd8-photos.leclercdrive.fr/image.ashx?id=2936209&use=l&cat=p&typeid=i","cat":294776},{"id":195919,"n":"Jambon Le Bon Paris Herta  sans nitrite x2 - 70g","p":1.85,"u":"26,43 €/KG","img":"https://fd8-photos.leclercdrive.fr/image.ashx?id=2413531&use=l&cat=p&typeid=i","cat":316009},{"id":195960,"n":"Coton-tiges bébé Mots d'Enfants Bio - x60","p":0.65,"u":"0,01 €/P","img":"https://fd8-photos.leclercdrive.fr/image.ashx?id=3015129&use=l&cat=p&typeid=i","cat":284739},{"id":195965,"n":"Mascara waterproof Maybelline Sky High volume & longueur Noir","p":9.45,"pp":6.24,"img":"https://fd8-photos.leclercdrive.fr/image.ashx?id=2833153&use=l&cat=p&typeid=i","cat":287029},{"id":195972,"n":"Mascara L'Oréal Paris  Pro XXL effet rehaussement cils","p":16.43,"img":"https://fd8-photos.leclercdrive.fr/image.ashx?id=2412837&use=l&cat=p&typeid=i","cat":287029},{"id":195981,"n":"Liquide vaisselle Excel Paic Anti-odeur actif à froid -500ml","p":2.44,"u":"4,88 €/L","img":"https://fd8-photos.leclercdrive.fr/image.ashx?id=2413176&use=l&cat=p&typeid=i","cat":284655},{"id":195983,"n":"Liquide vaisselle Excel Paic Dégraissant actif à froid 500ml","p":1.94,"u":"3,88 €/L","img":"https://fd8-photos.leclercdrive.fr/image.ashx?id=2413182&use=l&cat=p&typeid=i","cat":284655},{"id":195985,"n":"Mascara Volume L'Oréal Paris Pro Xxl Effet Faux Cils","p":16.82,"img":"https://fd8-photos.leclercdrive.fr/image.ashx?id=2412840&use=l&cat=p&typeid=i","cat":287029},{"id":196112,"n":"Jambon Le Bon Paris Herta Tranché fin CSNI x4 - 120g","p":3.29,"u":"27,42 €/KG","img":"https://fd8-photos.leclercdrive.fr/image.ashx?id=2413251&use=l&cat=p&typeid=i","cat":316009},{"id":196116,"n":"Jambon Le Bon Paris Herta  -25% Sel x6 - 210g","p":2.78,"u":"13,24 €/KG","img":"https://fd8-photos.leclercdrive.fr/image.ashx?id=2707750&use=l&cat=p&typeid=i","cat":316009},{"id":196118,"n":"Jambon Le Bon Paris Herta -25% de sel -x6 - 210g","p":4.19,"u":"19,95 €/KG","img":"https://fd8-photos.leclercdrive.fr/image.ashx?id=2414112&use=l&cat=p&typeid=i","cat":316009},{"id":196120,"n":"Jambon Le Bon Paris Herta Broche x4 - 140g","p":2.65,"u":"18,93 €/KG","img":"https://fd8-photos.leclercdrive.fr/image.ashx?id=3008158&use=l&cat=p&typeid=i","cat":316009},{"id":196165,"n":"Barre de céréales Nature Valley Crunchy chocolat lait X8-160g","p":2.21,"u":"13,81 €/KG","img":"https://fd8-photos.leclercdrive.fr/image.ashx?id=2754465&use=l&cat=p&typeid=i","cat":300032},{"id":196175,"n":"Capsules Starbucks by Nespresso  House Blend Int 8 - x18","p":6.05,"u":"58,74 €/KG","img":"https://fd8-photos.leclercdrive.fr/image.ashx?id=3009113&use=l&cat=p&typeid=i","cat":284749},{"id":196179,"n":"Brioches Pitch pâte à tartiner x7 - 262g","p":3.15,"u":"12,02 €/KG","img":"https://fd8-photos.leclercdrive.fr/image.ashx?id=2454097&use=l&cat=p&typeid=i","cat":293505},{"id":196266,"n":"Mousse à Raser 0% Alcool Mennen Peaux sensibles - 250ml","p":2.3,"u":"9,20 €/L","img":"https://fd8-photos.leclercdrive.fr/image.ashx?id=2661733&use=l&cat=p&typeid=i","cat":284617},{"id":196267,"n":"Mousse à Raser 0% Alcool Mennen Hypoallergénique - 250ml","p":2.3,"u":"9,20 €/L","img":"https://fd8-photos.leclercdrive.fr/image.ashx?id=2661736&use=l&cat=p&typeid=i","cat":284617},{"id":196278,"n":"Crème à récurer CIF Citron CleanBoost 101 Usages 750ml","p":2.75,"u":"3,67 €/L","img":"https://fd8-photos.leclercdrive.fr/image.ashx?id=2948540&use=l&cat=p&typeid=i","cat":325357},{"id":196321,"n":"Jambon supérieur Eco+ Sans couenne 6 tranches - 240g","p":2.09,"u":"8,71 €/KG","img":"https://fd8-photos.leclercdrive.fr/image.ashx?id=2706556&use=l&cat=p&typeid=i","cat":316009},{"id":196374,"n":"Bueno eggs kinder Chocolat - 140g","p":5.49,"u":"39,21 €/KG","img":"https://fd8-photos.leclercdrive.fr/image.ashx?id=2764353&use=l&cat=p&typeid=i","cat":327592},{"id":196378,"n":"Boîte chocolats Ferrero Rocher x16 pralines - 200g","p":8.02,"u":"40,10 €/KG","img":"https://fd8-photos.leclercdrive.fr/image.ashx?id=2963841&use=l&cat=p&typeid=i","cat":327600},{"id":196379,"n":"Boîte chocolats Ferrero Rocher x30 pralines - 375g","p":13.07,"u":"34,85 €/KG","img":"https://fd8-photos.leclercdrive.fr/image.ashx?id=2938091&use=l&cat=p&typeid=i","cat":327600},{"id":196380,"n":"Pralines Raffaello Noix de coco amandes x40- 400g","p":11.19,"u":"27,98 €/KG","img":"https://fd8-photos.leclercdrive.fr/image.ashx?id=2945005&use=l&cat=p&typeid=i","cat":327595},{"id":196383,"n":"Assortiment Etoile Delacre Biscuits - 454g","p":12.29,"u":"27,07 €/KG","img":"https://fd8-photos.leclercdrive.fr/image.ashx?id=2946919&use=l&cat=p&typeid=i","cat":284490},{"id":196428,"n":"Coffret papier cadeaux Esquisse Motifs divers - 4 rouleaux","p":3.95,"u":"0,99 €/P","img":"https://fd8-photos.leclercdrive.fr/image.ashx?id=2419912&use=l&cat=p&typeid=i","cat":335914},{"id":196431,"n":"Beurre Nature de Breton  Demi-sel - 80% MG - 250g","p":2.69,"u":"10,76 €/KG","img":"https://fd8-photos.leclercdrive.fr/image.ashx?id=2872042&use=l&cat=p&typeid=i","cat":284379},{"id":196439,"n":"Beurre Nature de Breton Doux - 82% MG - 250g","p":2.69,"u":"10,76 €/KG","img":"https://fd8-photos.leclercdrive.fr/image.ashx?id=2872039&use=l&cat=p&typeid=i","cat":284379},{"id":196452,"n":"Authentique Revillon  Pralinés - 360g","p":8.75,"u":"24,31 €/KG","img":"https://fd8-photos.leclercdrive.fr/image.ashx?id=2662000&use=l&cat=p&typeid=i","cat":327597},{"id":196454,"n":"Authentique Revillon  Noir - 360g","p":8.75,"u":"24,31 €/KG","img":"https://fd8-photos.leclercdrive.fr/image.ashx?id=2661997&use=l&cat=p&typeid=i","cat":327597},{"id":196488,"n":"Authentique Revillon Chocolat  Lait Voie Lactée - 360g","p":8.75,"u":"24,31 €/KG","img":"https://fd8-photos.leclercdrive.fr/image.ashx?id=2662116&use=l&cat=p&typeid=i","cat":327597},{"id":196500,"n":"Authentique Révillon Noir Lait et Blanc - 360g","p":8.75,"u":"24,31 €/KG","img":"https://fd8-photos.leclercdrive.fr/image.ashx?id=2661994&use=l&cat=p&typeid=i","cat":327597},{"id":196506,"n":"Nuggets Fish & Chips Findus Extra croustillant MSC - 490g","p":6.29,"u":"12,84 €/KG","img":"https://fd8-photos.leclercdrive.fr/image.ashx?id=2650705&use=l&cat=p&typeid=i","cat":319788},{"id":196525,"n":"Guimauves au chocolat Révillon  Noir & lait  - 300g","p":11.59,"u":"38,63 €/KG","img":"https://fd8-photos.leclercdrive.fr/image.ashx?id=2662119&use=l&cat=p&typeid=i","cat":327597},{"id":196526,"n":"Papillotes Révillon Pâtes de   fruits de nos région - 370g","p":11.59,"u":"31,32 €/KG","img":"https://fd8-photos.leclercdrive.fr/image.ashx?id=2662122&use=l&cat=p&typeid=i","cat":327597},{"id":196527,"n":"Papillotes Révillon Pâtes  d'Amandes Noir et Lait - 370g","p":11.59,"u":"31,32 €/KG","img":"https://fd8-photos.leclercdrive.fr/image.ashx?id=2661208&use=l&cat=p&typeid=i","cat":327597},{"id":196566,"n":"Fromage de Chèvre Chavroux Frais Nature - 150g","p":2.29,"u":"15,27 €/KG","img":"https://fd8-photos.leclercdrive.fr/image.ashx?id=2912161&use=l&cat=p&typeid=i","cat":314031},{"id":196647,"n":"Spray dégraissant Chanteclair Universel Marseille - 600ml","p":2.93,"u":"4,88 €/L","img":"https://fd8-photos.leclercdrive.fr/image.ashx?id=2419743&use=l&cat=p&typeid=i","cat":325357},{"id":196669,"n":"Saucisse sèche  Salaisonniers du Pilat - 200g","p":4.75,"u":"23,75 €/KG","img":"https://fd8-photos.leclercdrive.fr/image.ashx?id=2872910&use=l&cat=p&typeid=i","cat":316006},{"id":196685,"n":"Pizza Numero Uno Italpizza Margherita - 410g","p":3.85,"u":"9,39 €/KG","img":"https://fd8-photos.leclercdrive.fr/image.ashx?id=2419752&use=l&cat=p&typeid=i","cat":284256},{"id":196686,"n":"Pizza Numero Uno Italpizza Prosciutto & Funghi - 440g","p":3.85,"u":"8,75 €/KG","img":"https://fd8-photos.leclercdrive.fr/image.ashx?id=2419758&use=l&cat=p&typeid=i","cat":284256},{"id":196687,"n":"Pizza Numero Uno Italpizza 5 Fromaggi - 410g","p":3.85,"u":"9,39 €/KG","img":"https://fd8-photos.leclercdrive.fr/image.ashx?id=2419761&use=l&cat=p&typeid=i","cat":284256},{"id":196688,"n":"Pizza Numero Uno Italpizza Salamino - 410g","p":3.85,"u":"9,39 €/KG","img":"https://fd8-photos.leclercdrive.fr/image.ashx?id=2419755&use=l&cat=p&typeid=i","cat":284256},{"id":196728,"n":"Singleton of Dufftown 12ans 70cl","p":24.91,"u":"35,59 €/L","img":"https://fd8-photos.leclercdrive.fr/image.ashx?id=2420018&use=l&cat=p&typeid=i","cat":284547},{"id":196798,"n":"Lait en poudre Picot  1er âge - 850g","p":14.85,"u":"17,47 €/KG","img":"https://fd8-photos.leclercdrive.fr/image.ashx?id=2925421&use=l&cat=p&typeid=i","cat":284726},{"id":196799,"n":"Lait en poudre Picot 2ème âge - 850g","p":15.32,"u":"18,02 €/KG","img":"https://fd8-photos.leclercdrive.fr/image.ashx?id=2925424&use=l&cat=p&typeid=i","cat":284727},{"id":196800,"n":"Lait de croissance Picot 3ème âge - 850g","p":9.53,"u":"11,21 €/KG","img":"https://fd8-photos.leclercdrive.fr/image.ashx?id=2925427&use=l&cat=p&typeid=i","cat":290219},{"id":196827,"n":"Poivre noir Sainte Lucie Tellicherry - 46g","p":4.84,"u":"105,22 €/KG","img":"https://fd8-photos.leclercdrive.fr/image.ashx?id=2968163&use=l&cat=p&typeid=i","cat":284457},{"id":196829,"n":"Poivre rouge Sainte Lucie Kampot - 52g","p":7.72,"u":"148,46 €/KG","img":"https://fd8-photos.leclercdrive.fr/image.ashx?id=2421147&use=l&cat=p&typeid=i","cat":284457},{"id":196832,"n":"Assaisonnement  Ducros Persillade - 95g","p":2.29,"u":"24,11 €/KG","img":"https://fd8-photos.leclercdrive.fr/image.ashx?id=2421153&use=l&cat=p&typeid=i","cat":298297},{"id":196856,"n":"Croquettes chat Purina One Chat stérilisé sensible - 1.5kg","p":8.13,"u":"5,42 €/KG","img":"https://fd8-photos.leclercdrive.fr/image.ashx?id=2488085&use=l&cat=p&typeid=i","cat":284680},{"id":196887,"n":"Compresseur Airforce Scheppach 1 pièce","p":89.9,"u":"Dont 0,50 € d'éco-part.","img":"https://fd8-photos.leclercdrive.fr/image.ashx?id=2438001&use=l&cat=p&typeid=i","cat":300576},{"id":196894,"n":"Ampoules LED Philips E27 - 60w x3","p":25.02,"u":"Dont 0,86 € d'éco-part.","img":"https://fd8-photos.leclercdrive.fr/image.ashx?id=2507509&use=l&cat=p&typeid=i","cat":300573},{"id":196910,"n":"Whisky mal Aberlour Whith OAK 30%vol. - 70cl","p":29.89,"u":"42,70 €/L","img":"https://fd8-photos.leclercdrive.fr/image.ashx?id=2555808&use=l&cat=p&typeid=i","cat":284547},{"id":196919,"n":"AOC Bordeaux rouge Mouton Cadet - 1.5L","p":39.86,"u":"26,57 €/L","img":"https://fd8-photos.leclercdrive.fr/image.ashx?id=2429839&use=l&cat=p&typeid=i","cat":289556},{"id":196963,"n":"Mickey–Véhicule&Figurine 7,5cm Véhicule course - Dès 3 ans","p":25.04,"img":"https://fd8-photos.leclercdrive.fr/image.ashx?id=2422475&use=l&cat=p&typeid=i","cat":334380},{"id":196965,"n":"Liqueur de menthe Get 27 17,9° - 70cl","p":12.45,"u":"17,79 €/L","img":"https://fd8-photos.leclercdrive.fr/image.ashx?id=2835565&use=l&cat=p&typeid=i","cat":286032},{"id":197000,"n":"Capsules Lessive Ariel Pods Orange - 23 doses","p":13.26,"u":"23,18 €/KG","img":"https://fd8-photos.leclercdrive.fr/image.ashx?id=2495800&use=l&cat=p&typeid=i","cat":284641},{"id":197161,"n":"Traîneau chocolat oeuf Kinder Jaune - 75g","p":3.5,"u":"46,67 €/KG","img":"https://fd8-photos.leclercdrive.fr/image.ashx?id=2426809&use=l&cat=p&typeid=i","cat":327592},{"id":197163,"n":"Traîneau chocolat œuf Kinder Blanc - 75g","p":3.5,"u":"46,67 €/KG","img":"https://fd8-photos.leclercdrive.fr/image.ashx?id=2426812&use=l&cat=p&typeid=i","cat":327592},{"id":197170,"n":"Ruban adhésif gris Pattex Power Tape Extrême - 20m","p":10.77,"u":"0,54 €/MT","img":"https://fd8-photos.leclercdrive.fr/image.ashx?id=2429239&use=l&cat=p&typeid=i","cat":300576},{"id":197175,"n":"Tube mastic Re-New Rubson Blanc - 5m de joint","p":7.11,"u":"88,88 €/KG","img":"https://fd8-photos.leclercdrive.fr/image.ashx?id=2425685&use=l&cat=p&typeid=i","cat":300576},{"id":197362,"n":"Nouilles japonaises Nissin Poulet à l'asiatique - 63G","p":2.03,"u":"32,22 €/KG","img":"https://fd8-photos.leclercdrive.fr/image.ashx?id=2425913&use=l&cat=p&typeid=i","cat":288992},{"id":197444,"n":"Friandise pour chat Dentalife Chat adulte - Poulet - 140g","p":3.0,"u":"21,43 €/KG","img":"https://fd8-photos.leclercdrive.fr/image.ashx?id=2901127&use=l&cat=p&typeid=i","cat":285285},{"id":197475,"n":"Effilés Chat Junior Purina One Sauce saumon ou poulet - 8x85g","p":5.14,"u":"7,56 €/KG","img":"https://fd8-photos.leclercdrive.fr/image.ashx?id=2899731&use=l&cat=p&typeid=i","cat":285286},{"id":197486,"n":"Soupe en sachets chat Felix Selection de poissons - 6x48g","p":2.49,"u":"8,65 €/KG","img":"https://fd8-photos.leclercdrive.fr/image.ashx?id=2968553&use=l&cat=p&typeid=i","cat":285286},{"id":197547,"n":"Bâtonnets à mâcher Dentalife ActivFresh - 115g - x7","p":1.8,"u":"15,65 €/KG","img":"https://fd8-photos.leclercdrive.fr/image.ashx?id=2902373&use=l&cat=p&typeid=i","cat":294527},{"id":197561,"n":"Bâtonnet à mâcher Dentalife ActivFresh - 115g - x5","p":1.64,"u":"14,26 €/KG","img":"https://fd8-photos.leclercdrive.fr/image.ashx?id=2427697&use=l&cat=p&typeid=i","cat":294527},{"id":197607,"n":"Lait en poudre Bio Picot 3ème âge - 800g","p":14.59,"u":"18,24 €/KG","img":"https://fd8-photos.leclercdrive.fr/image.ashx?id=2427907&use=l&cat=p&typeid=i","cat":290219},{"id":197625,"n":"Tablette de chocolat noir Lindt 3x100g","p":4.55,"u":"15,17 €/KG","img":"https://fd8-photos.leclercdrive.fr/image.ashx?id=2721422&use=l&cat=p&typeid=i","cat":284956},{"id":197635,"n":"Ail de France Sainte Lucie 55g","p":3.72,"u":"67,64 €/KG","img":"https://fd8-photos.leclercdrive.fr/image.ashx?id=2427970&use=l&cat=p&typeid=i","cat":298297},{"id":197642,"n":"Décors à manger Sainte Lucie Licornes  x1","p":3.79,"img":"https://fd8-photos.leclercdrive.fr/image.ashx?id=2427976&use=l&cat=p&typeid=i","cat":284504},{"id":197697,"n":"Crème de nuit L'Oréal Paris Age perfect Anti-âge - 50ml","p":11.97,"pp":7.9,"u":"158,00 €/L","img":"https://fd8-photos.leclercdrive.fr/image.ashx?id=2428441&use=l&cat=p&typeid=i","cat":325345},{"id":197713,"n":"Fromage à Tartiner St Môret  Nature - 500g","p":5.59,"u":"11,18 €/KG","img":"https://fd8-photos.leclercdrive.fr/image.ashx?id=2427991&use=l&cat=p&typeid=i","cat":314029},{"id":197724,"n":"Crème de Jour Cellular Nivea Anti-rides Repulpant - 50ml","p":13.56,"u":"271,20 €/L","img":"https://fd8-photos.leclercdrive.fr/image.ashx?id=2429485&use=l&cat=p&typeid=i","cat":325345},{"id":197725,"n":"Crème de Nuit Cellular Nivea Anti-rides Repulpant - 50ml","p":12.62,"u":"252,40 €/L","img":"https://fd8-photos.leclercdrive.fr/image.ashx?id=2429482&use=l&cat=p&typeid=i","cat":325345},{"id":197905,"n":"Bloc foie gras de canard Jean Larnaudie - 200g","p":14.95,"u":"74,75 €/KG","img":"https://fd8-photos.leclercdrive.fr/image.ashx?id=2915838&use=l&cat=p&typeid=i","cat":316008},{"id":197916,"n":"Tasse céramique Avengers Captain America - 34g","p":5.69,"u":"167,35 €/KG","img":"https://fd8-photos.leclercdrive.fr/image.ashx?id=2451789&use=l&cat=p&typeid=i","cat":327789},{"id":197952,"n":"Pastabox Sodebo  Tortellini chèvre tomate - 280g","p":3.29,"u":"11,75 €/KG","img":"https://fd8-photos.leclercdrive.fr/image.ashx?id=2833429&use=l&cat=p&typeid=i","cat":334983},{"id":198060,"n":"Burger farine complète Jacquet  Sans sucres ajoutés - x4","p":2.45,"u":"7,42 €/KG","img":"https://fd8-photos.leclercdrive.fr/image.ashx?id=2446353&use=l&cat=p&typeid=i","cat":325067},{"id":198220,"n":"Colle Répare tout Sader Instantanée Gel - 3x1g","p":6.5,"img":"https://fd8-photos.leclercdrive.fr/image.ashx?id=2435423&use=l&cat=p&typeid=i","cat":300576},{"id":198224,"n":"Colle Répare tout Sader Instantanée Liquide - 3x1g","p":6.36,"img":"https://fd8-photos.leclercdrive.fr/image.ashx?id=2435414&use=l&cat=p&typeid=i","cat":300576},{"id":198226,"n":"Colle Répare tout Sader Instantanée Liquide - 5x0.5g","p":6.66,"u":"1,33 €/P","img":"https://fd8-photos.leclercdrive.fr/image.ashx?id=2435426&use=l&cat=p&typeid=i","cat":300576},{"id":198233,"n":"Colle Répare tout  Extreme Gel - 20g","p":9.48,"img":"https://fd8-photos.leclercdrive.fr/image.ashx?id=2435411&use=l&cat=p&typeid=i","cat":300576},{"id":198240,"n":"Spot PAR16 LED Osram 4,3W=50 GU10 chaud- x3","p":7.78,"u":"Dont 0,86 € d'éco-part.","img":"https://fd8-photos.leclercdrive.fr/image.ashx?id=2433280&use=l&cat=p&typeid=i","cat":300573},{"id":198241,"n":"Spot PAR16 LED Osram 4,3W=50 GU10 froid - x3","p":8.36,"u":"Dont 0,86 € d'éco-part.","img":"https://fd8-photos.leclercdrive.fr/image.ashx?id=2433283&use=l&cat=p&typeid=i","cat":300573},{"id":198268,"n":"Gin Bombay Citron Pressé 37,5° - 70cl","p":23.02,"u":"32,89 €/L","img":"https://fd8-photos.leclercdrive.fr/image.ashx?id=2842951&use=l&cat=p&typeid=i","cat":284550},{"id":198291,"n":"Colle Répare tout Sader Extrême Gel - 5g","p":6.06,"img":"https://fd8-photos.leclercdrive.fr/image.ashx?id=2435408&use=l&cat=p&typeid=i","cat":300576},{"id":198292,"n":"Colle Répare tout Sader Instantanée Gel - 3g","p":4.89,"img":"https://fd8-photos.leclercdrive.fr/image.ashx?id=2435420&use=l&cat=p&typeid=i","cat":300576},{"id":198338,"n":"Confiture Douceur du Verger Fraise intense - 320 g","p":1.42,"u":"4,44 €/KG","img":"https://fd8-photos.leclercdrive.fr/image.ashx?id=2965605&use=l&cat=p&typeid=i","cat":284480},{"id":198348,"n":"Confiture Douceur du Verger Abricot intense - 320 g","p":1.42,"u":"4,44 €/KG","img":"https://fd8-photos.leclercdrive.fr/image.ashx?id=2965608&use=l&cat=p&typeid=i","cat":284480},{"id":198349,"n":"Confiture Douceur du Verger Myrtille intense - 320g","p":1.99,"u":"6,22 €/KG","img":"https://fd8-photos.leclercdrive.fr/image.ashx?id=2965611&use=l&cat=p&typeid=i","cat":284480},{"id":198355,"n":"Confiture Douceur du Verger Framboise intense - 320g","p":2.1,"u":"6,56 €/KG","img":"https://fd8-photos.leclercdrive.fr/image.ashx?id=2965614&use=l&cat=p&typeid=i","cat":284480},{"id":198356,"n":"Confiture Douceur du Verger 3 agrumes Intense - 320g","p":1.66,"u":"5,19 €/KG","img":"https://fd8-photos.leclercdrive.fr/image.ashx?id=2966376&use=l&cat=p&typeid=i","cat":284480},{"id":198357,"n":"Confiture Douceur du Verger Fruits rouges intense - 320g","p":1.7,"u":"5,31 €/KG","img":"https://fd8-photos.leclercdrive.fr/image.ashx?id=2965617&use=l&cat=p&typeid=i","cat":284480},{"id":198516,"n":"Mini galettes Tipiak Jambon emmental x10 -  170g","p":3.3,"u":"19,41 €/KG","img":"https://fd8-photos.leclercdrive.fr/image.ashx?id=2599227&use=l&cat=p&typeid=i","cat":319774},{"id":198522,"n":"Haricots vert Bio Village Bio - 180g","p":1.99,"u":"11,06 €/KG","img":"https://fd8-photos.leclercdrive.fr/image.ashx?id=3002713&use=l&cat=p&typeid=i","cat":312606},{"id":198523,"n":"Desserts Lactés P'TIT ONCTUEUX Fromage blanc 6M+ - 4x90g","p":1.7,"u":"4,72 €/KG","img":"https://fd8-photos.leclercdrive.fr/image.ashx?id=2435707&use=l&cat=p&typeid=i","cat":312392},{"id":198524,"n":"Desserts Lactés P'TIT ONCTUEUX Banane 6M+ - 4x90g","p":1.56,"u":"4,33 €/KG","img":"https://fd8-photos.leclercdrive.fr/image.ashx?id=2435710&use=l&cat=p&typeid=i","cat":312392},{"id":198528,"n":"Bouillon Cube Bio Maggi Volaille dégraissé - 80g","p":1.44,"u":"18,00 €/KG","img":"https://fd8-photos.leclercdrive.fr/image.ashx?id=2435722&use=l&cat=p&typeid=i","cat":288379},{"id":198549,"n":"Lait infantile 1er age bio Picot de 0 à 6 mois - 800g","p":19.61,"u":"24,51 €/KG","img":"https://fd8-photos.leclercdrive.fr/image.ashx?id=2435926&use=l&cat=p&typeid=i","cat":284726},{"id":198582,"n":"Desserts Lactés P'TIT ONCTUEUX Mangue ananas 6M+ - 4x90g","p":1.71,"u":"4,75 €/KG","img":"https://fd8-photos.leclercdrive.fr/image.ashx?id=2435932&use=l&cat=p&typeid=i","cat":312392},{"id":198652,"n":"Cuisses de volaille cuites Jean Larnaudie - 1.24kg","p":17.03,"u":"13,73 €/KG","img":"https://fd8-photos.leclercdrive.fr/image.ashx?id=2436344&use=l&cat=p&typeid=i","cat":284441},{"id":198794,"n":"Protège-slips Doulys Ultra-mince Long - x30","p":1.25,"u":"0,04 €/P","img":"https://fd8-photos.leclercdrive.fr/image.ashx?id=2882343&use=l&cat=p&typeid=i","cat":284625},{"id":198806,"n":"Fromage pour Tartiflette Président - 480g","p":6.65,"u":"13,85 €/KG","img":"https://fd8-photos.leclercdrive.fr/image.ashx?id=2757018&use=l&cat=p&typeid=i","cat":314037},{"id":198808,"n":"Croustillants cheddar Président 6 pièces - 150g","p":2.69,"u":"17,93 €/KG","img":"https://fd8-photos.leclercdrive.fr/image.ashx?id=2856079&use=l&cat=p&typeid=i","cat":314027},{"id":198835,"n":"Gel à raser Satin Care Gillette Nettoyant 2 en 1 - 190ML","p":13.79,"u":"72,58 €/L","img":"https://fd8-photos.leclercdrive.fr/image.ashx?id=2529132&use=l&cat=p&typeid=i","cat":325352},{"id":198867,"n":"Lames de rasoir Gillette Mach 3 - x4","p":16.39,"u":"4,10 €/P","img":"https://fd8-photos.leclercdrive.fr/image.ashx?id=2859905&use=l&cat=p&typeid=i","cat":284616},{"id":198877,"n":"Rasoir Mach 3 Gillette 3 lames -x1","p":10.11,"img":"https://fd8-photos.leclercdrive.fr/image.ashx?id=2971416&use=l&cat=p&typeid=i","cat":284616},{"id":198878,"n":"Rasoir skinguard Gillette Sensitive - 2 lames - x1","p":17.93,"img":"https://fd8-photos.leclercdrive.fr/image.ashx?id=2507104&use=l&cat=p&typeid=i","cat":284616},{"id":198905,"n":"Lames de rasoir Gillette Mach 3 - x8","p":25.99,"u":"3,25 €/P","img":"https://fd8-photos.leclercdrive.fr/image.ashx?id=2859917&use=l&cat=p&typeid=i","cat":284616},{"id":198917,"n":"Lames de rasoir Gillette Fusion 5 - x8","p":30.11,"img":"https://fd8-photos.leclercdrive.fr/image.ashx?id=2530425&use=l&cat=p&typeid=i","cat":284616},{"id":198924,"n":"Gel à raser GilletteLabs Skin Care - 198ml","p":5.7,"u":"28,79 €/MT","img":"https://fd8-photos.leclercdrive.fr/image.ashx?id=2955215&use=l&cat=p&typeid=i","cat":284617},{"id":198951,"n":"Rasoir GilletteLabs Barre exfoliante - 3 lames - x1","p":35.48,"img":"https://fd8-photos.leclercdrive.fr/image.ashx?id=2437011&use=l&cat=p&typeid=i","cat":284616},{"id":198968,"n":"Bloc wc javel Syphon eau bleue x2 - 100g","p":1.78,"u":"17,80 €/KG","img":"https://fd8-photos.leclercdrive.fr/image.ashx?id=2437005&use=l&cat=p&typeid=i","cat":284662},{"id":198977,"n":"Bûche Nestlé Caramel Beurre Salé, 1l","p":6.99,"u":"6,99 €/L","img":"https://fd8-photos.leclercdrive.fr/image.ashx?id=2936701&use=l&cat=p&typeid=i","cat":284266},{"id":199056,"n":"Gougères au fromage Erhard 225g","p":5.18,"u":"23,02 €/KG","img":"https://fd8-photos.leclercdrive.fr/image.ashx?id=2439014&use=l&cat=p&typeid=i","cat":319774},{"id":199066,"n":"Escargots Bourgogne Label Rouge Recette Bourguignone x36 223g","p":18.9,"pp":12.47,"u":"55,92 €/KG","img":"https://fd8-photos.leclercdrive.fr/image.ashx?id=2628776&use=l&cat=p&typeid=i","cat":319775},{"id":199134,"n":"Moulage chocolat Kinder Père Noel - 110g","p":3.68,"u":"33,45 €/KG","img":"https://fd8-photos.leclercdrive.fr/image.ashx?id=2438108&use=l&cat=p&typeid=i","cat":327592},{"id":199267,"n":"Bûche glacée Pilpa Douceur Citron Meringue 464g","p":5.27,"u":"11,36 €/KG","img":"https://fd8-photos.leclercdrive.fr/image.ashx?id=2751030&use=l&cat=p&typeid=i","cat":284266},{"id":199298,"n":"Bûche glacée Eskiss Façon Pêche Melba - 565g","p":3.93,"u":"6,96 €/KG","img":"https://fd8-photos.leclercdrive.fr/image.ashx?id=2791377&use=l&cat=p&typeid=i","cat":284266},{"id":199461,"n":"Chocolat Kinder Surprise x6 oeufs - 6x20g","p":7.69,"u":"64,08 €/KG","img":"https://fd8-photos.leclercdrive.fr/image.ashx?id=2826336&use=l&cat=p&typeid=i","cat":327592},{"id":199510,"n":"Cervelas Herta Sans nitrite - 400g","p":3.85,"u":"9,63 €/KG","img":"https://fd8-photos.leclercdrive.fr/image.ashx?id=2443835&use=l&cat=p&typeid=i","cat":316012},{"id":199552,"n":"Dentifrice Elmex Anti-caries Original - 75ml","p":5.02,"u":"66,93 €/L","img":"https://fd8-photos.leclercdrive.fr/image.ashx?id=2852181&use=l&cat=p&typeid=i","cat":284612},{"id":199553,"n":"Dentifrice Elmex Sensitive Original - 75ml","p":5.09,"u":"67,87 €/L","img":"https://fd8-photos.leclercdrive.fr/image.ashx?id=2738404&use=l&cat=p&typeid=i","cat":284612},{"id":199554,"n":"Dentifrice Elmex Sensitive  Haleine fraîche - 75ml","p":3.92,"u":"52,27 €/L","img":"https://fd8-photos.leclercdrive.fr/image.ashx?id=2738407&use=l&cat=p&typeid=i","cat":284612},{"id":199557,"n":"Dentifrice Elmex Anti-caries Haleine fraîche - 75 ml","p":3.12,"u":"41,60 €/MT","img":"https://fd8-photos.leclercdrive.fr/image.ashx?id=2738419&use=l&cat=p&typeid=i","cat":284612},{"id":199559,"n":"Dentifrice Elmex Sensitive  Blancheur douce - 2x75ml","p":7.47,"u":"49,80 €/MT","img":"https://fd8-photos.leclercdrive.fr/image.ashx?id=2738425&use=l&cat=p&typeid=i","cat":284612},{"id":199593,"n":"Crème de whisky Baileys  Light 16,1% vol - 70cl","p":15.32,"u":"21,89 €/L","img":"https://fd8-photos.leclercdrive.fr/image.ashx?id=2445412&use=l&cat=p&typeid=i","cat":286032},{"id":199597,"n":"Whisky Bushmills Irish Whiskey Bourbon reserve - 40%vol - 70cl","p":22.54,"u":"32,20 €/L","img":"https://fd8-photos.leclercdrive.fr/image.ashx?id=2484455&use=l&cat=p&typeid=i","cat":284547},{"id":199598,"n":"Désodorisant diffuseur Airwick  Active Fresh Vanille - 228ml","p":7.17,"u":"31,45 €/L","img":"https://fd8-photos.leclercdrive.fr/image.ashx?id=2864672&use=l&cat=p&typeid=i","cat":311629},{"id":200153,"n":"Repas bébé Blédina 15 mois légumes boulghour merlu 200g","p":2.17,"u":"10,85 €/KG","img":"https://fd8-photos.leclercdrive.fr/image.ashx?id=2975101&use=l&cat=p&typeid=i","cat":312238},{"id":200175,"n":"Plat bébé soir Blédiner 15 mois Pâtes légumes - 200g","p":2.17,"u":"10,85 €/KG","img":"https://fd8-photos.leclercdrive.fr/image.ashx?id=2866295&use=l&cat=p&typeid=i","cat":312239},{"id":200185,"n":"Ramen Cup Oyakata Miso et légumes - 66g","p":1.19,"u":"18,03 €/KG","img":"https://fd8-photos.leclercdrive.fr/image.ashx?id=2536158&use=l&cat=p&typeid=i","cat":288992},{"id":200202,"n":"Repas bébé Blédina 15 mois carotte haricot riz bœuf 200g","p":2.17,"u":"10,85 €/KG","img":"https://fd8-photos.leclercdrive.fr/image.ashx?id=2586586&use=l&cat=p&typeid=i","cat":312238},{"id":200218,"n":"Repas bébé Blédina 15 mois carotte pâte épices poulet 200g","p":2.17,"u":"10,85 €/KG","img":"https://fd8-photos.leclercdrive.fr/image.ashx?id=2951632&use=l&cat=p&typeid=i","cat":312238},{"id":200297,"n":"Deuxième Génération 1820 blanc Jeanne & Célerin - 75cl","p":15.9,"u":"21,20 €/L","img":"https://fd8-photos.leclercdrive.fr/image.ashx?id=2447984&use=l&cat=p&typeid=i","cat":289557},{"id":200299,"n":"Champagne Canard Duchêne brut   75cl","p":30.03,"u":"40,04 €/L","img":"https://fd8-photos.leclercdrive.fr/image.ashx?id=2455912&use=l&cat=p&typeid=i","cat":284542},{"id":200300,"n":"Champagne Monopole Heidsieck Brut Grande cuvée - 75cl","p":29.91,"u":"39,88 €/L","img":"https://fd8-photos.leclercdrive.fr/image.ashx?id=2447942&use=l&cat=p&typeid=i","cat":284542},{"id":200321,"n":"Brossettes Oral-B Bundle Cross Action 4+4+2","p":57.49,"img":"https://fd8-photos.leclercdrive.fr/image.ashx?id=2454526&use=l&cat=p&typeid=i","cat":297133},{"id":200323,"n":"Cassoulet Castelnaudary NRT 420g","p":2.5,"u":"5,95 €/KG","img":"https://fd8-photos.leclercdrive.fr/image.ashx?id=2805990&use=l&cat=p&typeid=i","cat":284440},{"id":200368,"n":"Tartines croustillantes Wasa Complet - 260g","p":2.54,"u":"9,77 €/KG","img":"https://fd8-photos.leclercdrive.fr/image.ashx?id=2448196&use=l&cat=p&typeid=i","cat":284479},{"id":200377,"n":"Plat bébé soir Blédîner 15 mois Légumes macaroni persil - 200g","p":2.17,"u":"10,85 €/KG","img":"https://fd8-photos.leclercdrive.fr/image.ashx?id=2866292&use=l&cat=p&typeid=i","cat":312239},{"id":200378,"n":"Repas bébé Blédina 15 mois Pâtes brocolis jambon - 200g","p":2.17,"u":"10,85 €/KG","img":"https://fd8-photos.leclercdrive.fr/image.ashx?id=2975104&use=l&cat=p&typeid=i","cat":312238},{"id":200648,"n":"Escargot de Bourgogne surgelé L'origine du goût x12 - 110g","p":6.99,"u":"63,55 €/KG","img":"https://fd8-photos.leclercdrive.fr/image.ashx?id=2809885&use=l&cat=p&typeid=i","cat":319775},{"id":200714,"n":"Céréales Lion Nestlé   Triple Crunchy - 550g","p":3.73,"u":"6,78 €/KG","img":"https://fd8-photos.leclercdrive.fr/image.ashx?id=2893538&use=l&cat=p&typeid=i","cat":309513},{"id":200763,"n":"Gel lavant hydratant Sanytol Aloe vera Bio - 250ml","p":2.17,"u":"8,68 €/L","img":"https://fd8-photos.leclercdrive.fr/image.ashx?id=2905273&use=l&cat=p&typeid=i","cat":284597},{"id":200779,"n":"Nettoyant sol Vigor Désincrustant intense - 1L","p":3.69,"u":"3,69 €/L","img":"https://fd8-photos.leclercdrive.fr/image.ashx?id=2736160&use=l&cat=p&typeid=i","cat":284907},{"id":200994,"n":"Nouilles Soy Shrimps Nissin 63g","p":2.08,"u":"33,02 €/KG","img":"https://fd8-photos.leclercdrive.fr/image.ashx?id=2453640&use=l&cat=p&typeid=i","cat":288992},{"id":200995,"n":"Soupe Cup Noodles Nissin Saveur boeuf 5 épices - 64g","p":2.19,"u":"34,22 €/KG","img":"https://fd8-photos.leclercdrive.fr/image.ashx?id=2453643&use=l&cat=p&typeid=i","cat":288992},{"id":201017,"n":"Crêpes dentelles Bretagne NRT 120g","p":1.72,"u":"14,33 €/KG","img":"https://fd8-photos.leclercdrive.fr/image.ashx?id=2909434&use=l&cat=p&typeid=i","cat":284487},{"id":201116,"n":"Vinaigre d'alcool blanc 14° Saas Melfor - 3L","p":5.3,"u":"1,77 €/L","img":"https://fd8-photos.leclercdrive.fr/image.ashx?id=2456858&use=l&cat=p&typeid=i","cat":325365},{"id":201193,"n":"Boisson fermentée désalcoolisée Rosé - à base de raisin - 75cl","p":3.65,"u":"4,87 €/L","img":"https://fd8-photos.leclercdrive.fr/image.ashx?id=2477667&use=l&cat=p&typeid=i","cat":284549},{"id":201194,"n":"Boisson fermentée désalcoolisée Blanc - à base de raisin - 75cl","p":3.68,"u":"4,91 €/L","img":"https://fd8-photos.leclercdrive.fr/image.ashx?id=2477670&use=l&cat=p&typeid=i","cat":284549},{"id":201298,"n":"Fromage enfant La Vache qui rit Original 12P à tartiner - 192g","p":2.35,"u":"12,24 €/KG","img":"https://fd8-photos.leclercdrive.fr/image.ashx?id=2945442&use=l&cat=p&typeid=i","cat":314030},{"id":201300,"n":"Fromage enfant La Vache qui rit Original 32P à tartiner - 512g","p":4.79,"u":"9,36 €/KG","img":"https://fd8-photos.leclercdrive.fr/image.ashx?id=2945448&use=l&cat=p&typeid=i","cat":314030},{"id":201340,"n":"Pâte à pizza Piz'up 400g","p":2.02,"u":"5,05 €/KG","img":"https://fd8-photos.leclercdrive.fr/image.ashx?id=2875075&use=l&cat=p&typeid=i","cat":333681},{"id":201341,"n":"Iceberg Eco+","p":0.99,"img":"https://fd8-photos.leclercdrive.fr/image.ashx?id=2715747&use=l&cat=p&typeid=i","cat":284352},{"id":201460,"n":"Terrine de campagne Côté Table Sel de guérande - 180g","p":1.47,"u":"8,17 €/KG","img":"https://fd8-photos.leclercdrive.fr/image.ashx?id=2460418&use=l&cat=p&typeid=i","cat":305149},{"id":201554,"n":"Lames de rasoir Gillette Mach3 Lot de 3x4","p":42.89,"u":"3,57 €/P","img":"https://fd8-photos.leclercdrive.fr/image.ashx?id=2894506&use=l&cat=p&typeid=i","cat":284616},{"id":201555,"n":"Gillette Mach3 Turbo - Lot de 3x4","p":39.1,"u":"3,26 €/P","img":"https://fd8-photos.leclercdrive.fr/image.ashx?id=2787947&use=l&cat=p&typeid=i","cat":284616},{"id":201571,"n":"Viande bovine Bourguignon ** à mijoter - 500g","p":6.79,"u":"13,58 €/KG","img":"https://fd8-photos.leclercdrive.fr/image.ashx?id=2930933&use=l&cat=p&typeid=i","cat":284328},{"id":201572,"n":"Sauté de porc Atelier Boucherie VPF - 500g","p":4.59,"u":"9,18 €/KG","img":"https://fd8-photos.leclercdrive.fr/image.ashx?id=2932707&use=l&cat=p&typeid=i","cat":284331},{"id":201688,"n":"Beurre plaquette Eco+ Doux - 60% MG  - 200g","p":1.45,"u":"7,25 €/KG","img":"https://fd8-photos.leclercdrive.fr/image.ashx?id=2794187&use=l&cat=p&typeid=i","cat":284379},{"id":201689,"n":"Café capsules Plantation Lungo -","p":5.15,"u":"33,01 €/KG","img":"https://fd8-photos.leclercdrive.fr/image.ashx?id=2860085&use=l&cat=p&typeid=i","cat":284749},{"id":201692,"n":"Frites Crousti Express Findus Micro-ondes Allumette 2x100g","p":1.69,"u":"8,45 €/KG","img":"https://fd8-photos.leclercdrive.fr/image.ashx?id=2648274&use=l&cat=p&typeid=i","cat":319791},{"id":201702,"n":"Bière Leffe Ruby 5% - 6x25cl","p":5.59,"u":"3,73 €/L","img":"https://fd8-photos.leclercdrive.fr/image.ashx?id=2811581&use=l&cat=p&typeid=i","cat":334878},{"id":201705,"n":"Bière Leffe Ruby 5% - 20x25cl","p":16.55,"u":"3,31 €/L","img":"https://fd8-photos.leclercdrive.fr/image.ashx?id=2463116&use=l&cat=p&typeid=i","cat":334878},{"id":201706,"n":"Bière Leffe Ruby 5% - 12x25cl","p":9.49,"u":"3,16 €/L","img":"https://fd8-photos.leclercdrive.fr/image.ashx?id=2813008&use=l&cat=p&typeid=i","cat":334878},{"id":201708,"n":"Spray Solaire Garnier Hypoallergénique SPF50+ - 150ml","p":9.69,"u":"64,60 €/L","img":"https://fd8-photos.leclercdrive.fr/image.ashx?id=2572272&use=l&cat=p&typeid=i","cat":325355},{"id":201721,"n":"Brume Solaire SPF50+ Garnier Très Haute Protection - 150ml","p":16.44,"u":"109,60 €/L","img":"https://fd8-photos.leclercdrive.fr/image.ashx?id=2572269&use=l&cat=p&typeid=i","cat":325355},{"id":201725,"n":"Lait Solaire SPF50+ Garnier Hypoallergénique - 175ml","p":9.85,"u":"56,29 €/L","img":"https://fd8-photos.leclercdrive.fr/image.ashx?id=2569728&use=l&cat=p&typeid=i","cat":325355},{"id":201726,"n":"Spray Solaire Enfants Garnier Hypoallergénique SPF50+ - 150ml","p":9.69,"u":"64,60 €/L","img":"https://fd8-photos.leclercdrive.fr/image.ashx?id=2552847&use=l&cat=p&typeid=i","cat":325355},{"id":201728,"n":"Brume solaire Ambre Solaire  Enfant SPF50+ - 150ml","p":11.78,"u":"78,53 €/MT","img":"https://fd8-photos.leclercdrive.fr/image.ashx?id=2572266&use=l&cat=p&typeid=i","cat":325355},{"id":201732,"n":"Brume solaire Ambre Solaire  Brume sèche SPF30 - 200ml","p":6.55,"u":"32,75 €/L","img":"https://fd8-photos.leclercdrive.fr/image.ashx?id=2464171&use=l&cat=p&typeid=i","cat":null},{"id":201733,"n":"Spray solaire Mixa  Enfant SPF50+ - 150ml","p":11.94,"u":"79,60 €/L","img":"https://fd8-photos.leclercdrive.fr/image.ashx?id=2464186&use=l&cat=p&typeid=i","cat":325355},{"id":201734,"n":"Lait protection Solaire Mixa Anti-sel, Chlore SPF50+ - 175ml","p":9.09,"u":"51,94 €/L","img":"https://fd8-photos.leclercdrive.fr/image.ashx?id=2464189&use=l&cat=p&typeid=i","cat":325355},{"id":201747,"n":"Thé vert Lipton Fleur d'oranger - x20 - 30g","p":2.01,"u":"67,00 €/KG","img":"https://fd8-photos.leclercdrive.fr/image.ashx?id=2463398&use=l&cat=p&typeid=i","cat":293233},{"id":201757,"n":"Capsules Starbucks by Nespresso  Sunny Day Blend Int 5 - x10","p":3.16,"u":"0,32 €/P","img":"https://fd8-photos.leclercdrive.fr/image.ashx?id=2654086&use=l&cat=p&typeid=i","cat":284749},{"id":201765,"n":"Ambre Solaire Sérum Garnier Super UV SPF50+ - 30ml","p":10.88,"u":"362,67 €/L","img":"https://fd8-photos.leclercdrive.fr/image.ashx?id=2735374&use=l&cat=p&typeid=i","cat":325355},{"id":201772,"n":"Dentifrice Elmex Sensitive Blancheur douce - 75ml","p":5.25,"u":"70,00 €/L","img":"https://fd8-photos.leclercdrive.fr/image.ashx?id=2721187&use=l&cat=p&typeid=i","cat":284612},{"id":201776,"n":"Sous-vêtements nuit DryNites® Filles 8-13 ans (30-48 kg) x13","p":11.85,"u":"0,91 €/P","img":"https://fd8-photos.leclercdrive.fr/image.ashx?id=2844736&use=l&cat=p&typeid=i","cat":290633},{"id":201791,"n":"Soupe en sachets chat Felix Sélection de poissons - 6x48g","p":2.09,"u":"7,26 €/KG","img":"https://fd8-photos.leclercdrive.fr/image.ashx?id=2887251&use=l&cat=p&typeid=i","cat":285286},{"id":201835,"n":"Pizza Crousti Moelleuse Marie Royale - 500g","p":4.6,"u":"9,20 €/KG","img":"https://fd8-photos.leclercdrive.fr/image.ashx?id=2996704&use=l&cat=p&typeid=i","cat":284256},{"id":201836,"n":"Pizza Crousti Moelleuse Marie 4 fromages - 500g","p":4.22,"u":"8,44 €/KG","img":"https://fd8-photos.leclercdrive.fr/image.ashx?id=2996701&use=l&cat=p&typeid=i","cat":284256},{"id":201837,"n":"Protège-slips Doulys Ultra-mince normal - x45","p":0.87,"u":"0,02 €/P","img":"https://fd8-photos.leclercdrive.fr/image.ashx?id=2849590&use=l&cat=p&typeid=i","cat":284625},{"id":201838,"n":"Fraizibus Haribo Sachet bonbons - 220g","p":1.79,"u":"8,14 €/KG","img":"https://fd8-photos.leclercdrive.fr/image.ashx?id=2984955&use=l&cat=p&typeid=i","cat":304250},{"id":201839,"n":"Sauce arrabbiata Turini 420g","p":1.14,"u":"2,71 €/KG","img":"https://fd8-photos.leclercdrive.fr/image.ashx?id=2465062&use=l&cat=p&typeid=i","cat":287599},{"id":201841,"n":"Bière Ninkasi Flower Lager 75cl 6.5%","p":5.23,"u":"6,97 €/L","img":"https://fd8-photos.leclercdrive.fr/image.ashx?id=2467919&use=l&cat=p&typeid=i","cat":334872},{"id":201915,"n":"Protège-slips Doulys Slip ou string - x45","p":1.61,"u":"0,04 €/P","img":"https://fd8-photos.leclercdrive.fr/image.ashx?id=2877466&use=l&cat=p&typeid=i","cat":284625},{"id":201934,"n":"Protège-slips Vania Confort Fresh - x56","p":2.29,"img":"https://fd8-photos.leclercdrive.fr/image.ashx?id=2735227&use=l&cat=p&typeid=i","cat":284625},{"id":201935,"n":"Protège-slips Confort Vania  Sans parfum - x56","p":2.18,"u":"0,04 €/P","img":"https://fd8-photos.leclercdrive.fr/image.ashx?id=2735230&use=l&cat=p&typeid=i","cat":284625},{"id":201945,"n":"Gel Douche Le Petit Marseillais  Lait de vanille - 250ml","p":1.75,"u":"7,00 €/L","img":"https://fd8-photos.leclercdrive.fr/image.ashx?id=2676096&use=l&cat=p&typeid=i","cat":284594},{"id":201946,"n":"Gel Douche Le Petit Marseillais Lait de vanille - 650 ml","p":3.29,"u":"5,06 €/L","img":"https://fd8-photos.leclercdrive.fr/image.ashx?id=2674794&use=l&cat=p&typeid=i","cat":284594},{"id":201947,"n":"Gel Douche Le Petit Marseillais Fleur de cerisie - 650ml","p":3.36,"u":"5,17 €/L","img":"https://fd8-photos.leclercdrive.fr/image.ashx?id=2676099&use=l&cat=p&typeid=i","cat":284594},{"id":201949,"n":"Gel Douche Le Petit Marseillais Fleur d'oranger - 250ml","p":1.99,"u":"7,96 €/MT","img":"https://fd8-photos.leclercdrive.fr/image.ashx?id=2963397&use=l&cat=p&typeid=i","cat":284594},{"id":201950,"n":"Gel Douche Le Petit Marseillais Amande douce - 250ml","p":1.75,"u":"7,00 €/MT","img":"https://fd8-photos.leclercdrive.fr/image.ashx?id=2946592&use=l&cat=p&typeid=i","cat":284594},{"id":201951,"n":"Gel Douche Le Petit Marseillais Lait - 250ml","p":1.75,"u":"7,00 €/MT","img":"https://fd8-photos.leclercdrive.fr/image.ashx?id=2676108&use=l&cat=p&typeid=i","cat":284594},{"id":201952,"n":"Gel Douche Le Petit Marseillais Lait - 650ml","p":3.37,"u":"5,18 €/L","img":"https://fd8-photos.leclercdrive.fr/image.ashx?id=2676111&use=l&cat=p&typeid=i","cat":284594},{"id":201953,"n":"Gel Douche Le Petit Marseillais Pêche nectarine - 250ml","p":1.84,"u":"7,36 €/L","img":"https://fd8-photos.leclercdrive.fr/image.ashx?id=2938761&use=l&cat=p&typeid=i","cat":284594},{"id":201954,"n":"Gel Douche Le Petit Marseillais  Peche nectarine - 650ml","p":3.3,"u":"5,08 €/L","img":"https://fd8-photos.leclercdrive.fr/image.ashx?id=2676114&use=l&cat=p&typeid=i","cat":284594},{"id":201955,"n":"Gel Douche Le Petit Marseillais Olivier Tillieul - 650ml","p":3.38,"u":"5,20 €/MT","img":"https://fd8-photos.leclercdrive.fr/image.ashx?id=2676117&use=l&cat=p&typeid=i","cat":284594},{"id":201956,"n":"Gel Douche Le Petit Marseillais Verveine citron - 250ml","p":1.36,"u":"5,44 €/MT","img":"https://fd8-photos.leclercdrive.fr/image.ashx?id=2941769&use=l&cat=p&typeid=i","cat":284594},{"id":201957,"n":"Gel douche pamplemousse orange  Le Petit marseillais - 650ml","p":3.36,"u":"5,17 €/L","img":"https://fd8-photos.leclercdrive.fr/image.ashx?id=2676123&use=l&cat=p&typeid=i","cat":284594},{"id":201967,"n":"Bière blonde Corona 12x33cl","p":17.25,"u":"4,36 €/L","img":"https://fd8-photos.leclercdrive.fr/image.ashx?id=2544521&use=l&cat=p&typeid=i","cat":334873},{"id":201968,"n":"Bière blonde Corona Extra 4,5% - 6x33cl","p":8.79,"u":"4,44 €/L","img":"https://fd8-photos.leclercdrive.fr/image.ashx?id=2865452&use=l&cat=p&typeid=i","cat":334873},{"id":202048,"n":"Crème glacée Trium Caramel salé - 430g","p":3.75,"u":"8,72 €/KG","img":"https://fd8-photos.leclercdrive.fr/image.ashx?id=2469034&use=l&cat=p&typeid=i","cat":284725},{"id":202051,"n":"Crème glacée Trium Macadamia - 430g","p":4.3,"u":"10,00 €/KG","img":"https://fd8-photos.leclercdrive.fr/image.ashx?id=2469043&use=l&cat=p&typeid=i","cat":284725},{"id":202054,"n":"Pizza Eco+ 6 fromages x2 - 680g","p":3.41,"u":"5,01 €/KG","img":"https://fd8-photos.leclercdrive.fr/image.ashx?id=2756840&use=l&cat=p&typeid=i","cat":284256},{"id":202055,"n":"Crème glacée Trium Cookie Dough - 416g","p":3.24,"u":"7,79 €/KG","img":"https://fd8-photos.leclercdrive.fr/image.ashx?id=2469040&use=l&cat=p&typeid=i","cat":284725},{"id":202062,"n":"Yaourt Actifidus Délisse Vanille - 16x125g","p":3.43,"u":"1,72 €/KG","img":"https://fd8-photos.leclercdrive.fr/image.ashx?id=2713658&use=l&cat=p&typeid=i","cat":286006},{"id":202064,"n":"Fromage blanc nature Délisse 500g","p":1.29,"u":"2,58 €/KG","img":"https://fd8-photos.leclercdrive.fr/image.ashx?id=3012878&use=l&cat=p&typeid=i","cat":284409},{"id":202074,"n":"Poêlée de légumes Épeautre  Notre Jardin - 750g","p":2.89,"u":"3,85 €/KG","img":"https://fd8-photos.leclercdrive.fr/image.ashx?id=2771378&use=l&cat=p&typeid=i","cat":319823},{"id":202075,"n":"Poêlée jardinière quinoa Notre Jardin - 750g","p":3.29,"u":"4,39 €/KG","img":"https://fd8-photos.leclercdrive.fr/image.ashx?id=2771381&use=l&cat=p&typeid=i","cat":319823},{"id":202076,"n":"AOP rosé Côte de Provence Aimé Roquesanté  - 75cl","p":6.22,"u":"8,29 €/L","img":"https://fd8-photos.leclercdrive.fr/image.ashx?id=2941032&use=l&cat=p&typeid=i","cat":289558},{"id":202081,"n":"Pizza moelleuse Turini 3 viandes - 590g","p":4.0,"u":"6,78 €/KG","img":"https://fd8-photos.leclercdrive.fr/image.ashx?id=2816609&use=l&cat=p&typeid=i","cat":284256},{"id":202399,"n":"Pur jus de grenade Jardin Bio Bio - 75cl","p":5.99,"u":"7,99 €/L","img":"https://fd8-photos.leclercdrive.fr/image.ashx?id=2471856&use=l&cat=p&typeid=i","cat":284915},{"id":202403,"n":"Pur jus Jardin Bio Multifruits - 75cl","p":3.23,"u":"4,31 €/L","img":"https://fd8-photos.leclercdrive.fr/image.ashx?id=2471862&use=l&cat=p&typeid=i","cat":284915},{"id":202406,"n":"Pur jus d'orange Jardin Bio Bio - 75cl","p":3.69,"u":"4,92 €/L","img":"https://fd8-photos.leclercdrive.fr/image.ashx?id=2471865&use=l&cat=p&typeid=i","cat":284915},{"id":202416,"n":"J'ose Vibromasseur L'Exquis 10 vibrations - rechargeable","p":21.59,"img":"https://fd8-photos.leclercdrive.fr/image.ashx?id=2803793&use=l&cat=p&typeid=i","cat":285160},{"id":202419,"n":"J'ose Boules de Geisha Les pétillantes","p":21.8,"img":"https://fd8-photos.leclercdrive.fr/image.ashx?id=2803787&use=l&cat=p&typeid=i","cat":285160},{"id":202425,"n":"J'ose L'Enflammé Œuf vibrant - 1 pile incluse","p":16.0,"img":"https://fd8-photos.leclercdrive.fr/image.ashx?id=2803796&use=l&cat=p&typeid=i","cat":285160},{"id":202426,"n":"J'ose anneau vibrant  Le Passionnel - pile incluse","p":9.23,"img":"https://fd8-photos.leclercdrive.fr/image.ashx?id=2803790&use=l&cat=p&typeid=i","cat":285160},{"id":202472,"n":"Rasoirs jetables Bic 3 Action Lot 2x12 rasoirs","p":13.09,"u":"0,55 €/P","img":"https://fd8-photos.leclercdrive.fr/image.ashx?id=2768523&use=l&cat=p&typeid=i","cat":284616},{"id":202496,"n":"J'ose mini vibromasseur Le séduisant - pile incluse","p":12.74,"img":"https://fd8-photos.leclercdrive.fr/image.ashx?id=2803802&use=l&cat=p&typeid=i","cat":285160},{"id":202544,"n":"Gel douche Le Petit Marseillais Grenade - 250ml","p":1.46,"u":"5,84 €/L","img":"https://fd8-photos.leclercdrive.fr/image.ashx?id=2685126&use=l&cat=p&typeid=i","cat":284594},{"id":202545,"n":"Gel douche Le Petit Marseillais Fleur de Tiare - 250ml","p":1.47,"u":"5,88 €/L","img":"https://fd8-photos.leclercdrive.fr/image.ashx?id=2676093&use=l&cat=p&typeid=i","cat":284594},{"id":202546,"n":"Gel douche Le Petit Marseillais Mandarine - 250ml","p":1.49,"u":"5,96 €/L","img":"https://fd8-photos.leclercdrive.fr/image.ashx?id=2684527&use=l&cat=p&typeid=i","cat":284594},{"id":202547,"n":"Gel douche Le Petit Marseillais Mangue Passion - 250ml","p":1.47,"u":"5,88 €/L","img":"https://fd8-photos.leclercdrive.fr/image.ashx?id=2685189&use=l&cat=p&typeid=i","cat":284594},{"id":202549,"n":"Gel douche Le Petit Marseillais Argan et Karité - 250ml","p":1.49,"u":"5,96 €/L","img":"https://fd8-photos.leclercdrive.fr/image.ashx?id=2684539&use=l&cat=p&typeid=i","cat":284594},{"id":202622,"n":"Café expresso San Marco Barista - 1kg","p":21.99,"u":"21,99 €/KG","img":"https://fd8-photos.leclercdrive.fr/image.ashx?id=2474368&use=l&cat=p&typeid=i","cat":284749},{"id":202623,"n":"Lentilles blondes Eco  500g","p":0.89,"u":"1,78 €/KG","img":"https://fd8-photos.leclercdrive.fr/image.ashx?id=2630049&use=l&cat=p&typeid=i","cat":284430},{"id":202647,"n":"Bière blonde Jenlain Pack 6x25cl","p":4.9,"u":"3,27 €/L","img":"https://fd8-photos.leclercdrive.fr/image.ashx?id=2474380&use=l&cat=p&typeid=i","cat":334852},{"id":202649,"n":"Bière blonde Jenlain 75 cl","p":2.83,"u":"3,77 €/L","img":"https://fd8-photos.leclercdrive.fr/image.ashx?id=2732851&use=l&cat=p&typeid=i","cat":334852},{"id":202675,"n":"Pavé d'Affinois Extra gourmand - 200g","p":2.59,"u":"12,95 €/KG","img":"https://fd8-photos.leclercdrive.fr/image.ashx?id=3002072&use=l&cat=p&typeid=i","cat":314033},{"id":202733,"n":"Oignon jaune bio Bio village 1kg","p":2.79,"u":"2,79 €/KG","img":"https://fd8-photos.leclercdrive.fr/image.ashx?id=2922451&use=l&cat=p&typeid=i","cat":284352},{"id":202778,"n":"Oignons jaunes Eco+ 1.5 Kg","p":1.69,"u":"1,13 €/KG","img":"https://fd8-photos.leclercdrive.fr/image.ashx?id=2772572&use=l&cat=p&typeid=i","cat":284352},{"id":202817,"n":"Lessive Tout-en-1 Dash Pods Bouquet Floral - 582g","p":15.23,"u":"26,17 €/KG","img":"https://fd8-photos.leclercdrive.fr/image.ashx?id=2523037&use=l&cat=p&typeid=i","cat":284641},{"id":202819,"n":"LessiveAll-In-1 Dash Pods Lavande et Camomille - 582g","p":15.42,"u":"26,49 €/L","img":"https://fd8-photos.leclercdrive.fr/image.ashx?id=2586318&use=l&cat=p&typeid=i","cat":284641},{"id":202825,"n":"Lessive All-In-Dash Pods Ambre et orchidée - 582g","p":15.19,"u":"26,10 €/KG","img":"https://fd8-photos.leclercdrive.fr/image.ashx?id=2523052&use=l&cat=p&typeid=i","cat":284641},{"id":202870,"n":"Sucrines bicolores Panier du Primeur x3","p":1.29,"u":"0,43 €/P","img":"https://fd8-photos.leclercdrive.fr/image.ashx?id=2477544&use=l&cat=p&typeid=i","cat":284352},{"id":202872,"n":"Sucrine Eco+ x2","p":0.89,"u":"0,45 €/P","img":"https://fd8-photos.leclercdrive.fr/image.ashx?id=2477535&use=l&cat=p&typeid=i","cat":284352},{"id":202879,"n":"Dos de cabillaud MSC Eco+ Sans peau et sans arête - 200g","p":4.97,"u":"24,85 €/KG","img":"https://fd8-photos.leclercdrive.fr/image.ashx?id=2714327&use=l&cat=p&typeid=i","cat":284342},{"id":202892,"n":"Filet de lieu noir Eco+ Sans peau et sans arête - 220g","p":2.97,"u":"13,50 €/KG","img":"https://fd8-photos.leclercdrive.fr/image.ashx?id=2966713&use=l&cat=p&typeid=i","cat":284342},{"id":202908,"n":"Skyr Yoplait  Nature 0%MG - 450G","p":2.19,"u":"4,87 €/KG","img":"https://fd8-photos.leclercdrive.fr/image.ashx?id=2884468&use=l&cat=p&typeid=i","cat":315000},{"id":202968,"n":"Fromage blanc Lindahls Protein  Fraise Citron vert - 2x160g","p":2.14,"u":"13,38 €/KG","img":"https://fd8-photos.leclercdrive.fr/image.ashx?id=2870191&use=l&cat=p&typeid=i","cat":315000},{"id":202971,"n":"Fromage blanc Lindahls Protein  Stracciatella - 2x160g","p":2.3,"u":"14,38 €/KG","img":"https://fd8-photos.leclercdrive.fr/image.ashx?id=3007957&use=l&cat=p&typeid=i","cat":314999},{"id":203007,"n":"Shampooing Head & Shoulders 2 en 1 Citron - 2x270ml","p":8.6,"u":"15,93 €/L","img":"https://fd8-photos.leclercdrive.fr/image.ashx?id=2478715&use=l&cat=p&typeid=i","cat":284606},{"id":203010,"n":"Shampooing Head & Shoulders Citron - 2x270ml","p":9.73,"u":"17,07 €/L","img":"https://fd8-photos.leclercdrive.fr/image.ashx?id=2478724&use=l&cat=p&typeid=i","cat":284606},{"id":203011,"n":"Shampooing et Après-shampooing Head & Shoulders Classic","p":8.8,"img":"https://fd8-photos.leclercdrive.fr/image.ashx?id=2478727&use=l&cat=p&typeid=i","cat":284606},{"id":203037,"n":"Shampooing Mixa Bébé  Très Doux - 300ml","p":2.41,"u":"8,03 €/L","img":"https://fd8-photos.leclercdrive.fr/image.ashx?id=2479321&use=l&cat=p&typeid=i","cat":284740},{"id":203041,"n":"Lait de toilette Mixa Bébé  Très Doux - 300ml","p":2.52,"u":"8,40 €/L","img":"https://fd8-photos.leclercdrive.fr/image.ashx?id=2479324&use=l&cat=p&typeid=i","cat":284741},{"id":203042,"n":"Gel Toilette Intime Extra Doux Intima Natural Hamamélis 200ml","p":3.1,"u":"15,50 €/L","img":"https://fd8-photos.leclercdrive.fr/image.ashx?id=2959871&use=l&cat=p&typeid=i","cat":284627},{"id":203043,"n":"Gel Toilette Intime Régulateur Intima Natural Cranberry 200ml","p":3.65,"u":"18,25 €/L","img":"https://fd8-photos.leclercdrive.fr/image.ashx?id=2959874&use=l&cat=p&typeid=i","cat":284627},{"id":203050,"n":"Recharge Sense & Spray Glade Ocean Adventure - 18 ml","p":3.99,"u":"221,67 €/L","img":"https://fd8-photos.leclercdrive.fr/image.ashx?id=2634352&use=l&cat=p&typeid=i","cat":311629},{"id":203056,"n":"Recharge Touch & Fresh Glade Marine - 10 ml","p":2.3,"u":"230,00 €/L","img":"https://fd8-photos.leclercdrive.fr/image.ashx?id=2506609&use=l&cat=p&typeid=i","cat":311629},{"id":203057,"n":"Recharge Touch & Fresh Glade Muguet - 10ml","p":2.3,"u":"230,00 €/L","img":"https://fd8-photos.leclercdrive.fr/image.ashx?id=2506612&use=l&cat=p&typeid=i","cat":311629},{"id":203088,"n":"Pizza moelleuse Turini  Végétale - 610g","p":3.3,"u":"5,41 €/KG","img":"https://fd8-photos.leclercdrive.fr/image.ashx?id=2816612&use=l&cat=p&typeid=i","cat":284256},{"id":203089,"n":"Pizza au feu de bois Turini Chèvre et miel - 410g","p":2.65,"u":"6,46 €/KG","img":"https://fd8-photos.leclercdrive.fr/image.ashx?id=2816615&use=l&cat=p&typeid=i","cat":284256},{"id":203206,"n":"Mini oeufs Kinder Bueno Chocolat - 80g","p":3.99,"u":"49,88 €/KG","img":"https://fd8-photos.leclercdrive.fr/image.ashx?id=2866499&use=l&cat=p&typeid=i","cat":327592},{"id":203320,"n":"AOP Champagne Demi-Sec G.H Martel Cuvée Victoire  75cl","p":23.89,"u":"31,85 €/L","img":"https://fd8-photos.leclercdrive.fr/image.ashx?id=2484933&use=l&cat=p&typeid=i","cat":284542},{"id":203471,"n":"Banane Eco+ x4","p":0.79,"u":"0,20 €/P","img":"https://fd8-photos.leclercdrive.fr/image.ashx?id=2600252&use=l&cat=p&typeid=i","cat":284356},{"id":203476,"n":"Mâche Eco+ 125g","p":1.42,"img":"https://fd8-photos.leclercdrive.fr/image.ashx?id=2958305&use=l&cat=p&typeid=i","cat":284352},{"id":203600,"n":"Craquant avoine Jardin Bio Equitable bio - 133g","p":1.62,"u":"12,18 €/KG","img":"https://fd8-photos.leclercdrive.fr/image.ashx?id=2967217&use=l&cat=p&typeid=i","cat":284954},{"id":203603,"n":"Petit gourmand bio Jardin Bio A la pâte à tartiner - 155g","p":2.88,"u":"18,58 €/KG","img":"https://fd8-photos.leclercdrive.fr/image.ashx?id=2990676&use=l&cat=p&typeid=i","cat":284488},{"id":203706,"n":"Couches-culottes Pampers Pants Taille 3 - 6kg à 11kg - x104","p":34.24,"u":"0,33 €/P","img":"https://fd8-photos.leclercdrive.fr/image.ashx?id=2624348&use=l&cat=p&typeid=i","cat":290633},{"id":203781,"n":"Tartines de pain Pasquier Brioché 15 tranches - 210g","p":2.59,"u":"12,33 €/KG","img":"https://fd8-photos.leclercdrive.fr/image.ashx?id=2939367&use=l&cat=p&typeid=i","cat":284479},{"id":203783,"n":"Grilletine Pasquier Céréales et graines - 255g","p":1.35,"u":"5,29 €/KG","img":"https://fd8-photos.leclercdrive.fr/image.ashx?id=2642393&use=l&cat=p&typeid=i","cat":284479},{"id":203798,"n":"Dentifrice Parodontax Soin Herbal - 75ml","p":4.94,"u":"65,87 €/L","img":"https://fd8-photos.leclercdrive.fr/image.ashx?id=2546053&use=l&cat=p&typeid=i","cat":284612},{"id":203799,"n":"Brosse à dents Parodontax Douceur extra-souple","p":2.15,"img":"https://fd8-photos.leclercdrive.fr/image.ashx?id=2487072&use=l&cat=p&typeid=i","cat":284614},{"id":203801,"n":"Dentifrice Parodontax Haleine gencives et Sensibilité 75ml","p":5.65,"u":"75,33 €/L","img":"https://fd8-photos.leclercdrive.fr/image.ashx?id=2487084&use=l&cat=p&typeid=i","cat":284612},{"id":203821,"n":"Boîte chien Pedigree  Cuisinés en sauce - 6x400g","p":7.11,"u":"2,96 €/KG","img":"https://fd8-photos.leclercdrive.fr/image.ashx?id=2849722&use=l&cat=p&typeid=i","cat":288578},{"id":203822,"n":"Boîte chien Pedigree Cuisinés en sauce - 4x400g","p":5.99,"u":"3,74 €/KG","img":"https://fd8-photos.leclercdrive.fr/image.ashx?id=2849719&use=l&cat=p&typeid=i","cat":288578},{"id":203823,"n":"Sachet fraicheur chat Whiskas Carte mixte en gelée - 48x85g","p":16.99,"u":"4,16 €/KG","img":"https://fd8-photos.leclercdrive.fr/image.ashx?id=2486916&use=l&cat=p&typeid=i","cat":285286},{"id":203826,"n":"Sachet fraicheur chat Whiskas Poissons en gelée - 12x85g","p":4.85,"u":"4,75 €/KG","img":"https://fd8-photos.leclercdrive.fr/image.ashx?id=2486910&use=l&cat=p&typeid=i","cat":285286},{"id":203828,"n":"Sachet repas chaton Whiskas Festins volaille gelée - 12x85g","p":5.57,"u":"5,46 €/KG","img":"https://fd8-photos.leclercdrive.fr/image.ashx?id=2487093&use=l&cat=p&typeid=i","cat":285286},{"id":203829,"n":"Gel Douche extra doux Lait Le Petit Marseillais 3x250ml","p":4.56,"u":"6,08 €/L","img":"https://fd8-photos.leclercdrive.fr/image.ashx?id=2487012&use=l&cat=p&typeid=i","cat":284594},{"id":203830,"n":"Gel Douche extra doux Amande Le Petit Marseillais 3x250ml","p":4.65,"u":"6,20 €/L","img":"https://fd8-photos.leclercdrive.fr/image.ashx?id=2763556&use=l&cat=p&typeid=i","cat":284594},{"id":203831,"n":"Gel Douche extra doux Vanille Le Petit Marseillais 3x250ml","p":4.69,"u":"6,25 €/L","img":"https://fd8-photos.leclercdrive.fr/image.ashx?id=2487006&use=l&cat=p&typeid=i","cat":284594},{"id":203832,"n":"Gel Douche extra doux Verveine Le Petit Marseillais 3x250ml","p":4.56,"u":"6,08 €/L","img":"https://fd8-photos.leclercdrive.fr/image.ashx?id=2763574&use=l&cat=p&typeid=i","cat":284594},{"id":203833,"n":"Gel Douche extra doux Orange Le Petit Marseillais 3x250ml","p":4.56,"u":"6,08 €/L","img":"https://fd8-photos.leclercdrive.fr/image.ashx?id=2763547&use=l&cat=p&typeid=i","cat":284594},{"id":203876,"n":"Serviettes hygiéniques Always Ultra Normal - Taille 1 - x32","p":4.42,"u":"0,14 €/P","img":"https://fd8-photos.leclercdrive.fr/image.ashx?id=2761259&use=l&cat=p&typeid=i","cat":284624},{"id":203912,"n":"Sérum apaisant Gillette  Peau et poils pubiens - 50ml","p":12.03,"u":"240,60 €/L","img":"https://fd8-photos.leclercdrive.fr/image.ashx?id=2490764&use=l&cat=p&typeid=i","cat":325352},{"id":203913,"n":"Exfoliant Venus Satin Care Peau et poils pubiens - 177ml","p":13.08,"u":"73,90 €/L","img":"https://fd8-photos.leclercdrive.fr/image.ashx?id=2490767&use=l&cat=p&typeid=i","cat":325352},{"id":203924,"n":"Brossettes Brosse à dents OralB Pro 3+1 brossette Blanche","p":74.99,"u":"18,75 €/P","img":"https://fd8-photos.leclercdrive.fr/image.ashx?id=2543465&use=l&cat=p&typeid=i","cat":297133},{"id":203926,"n":"Brossettes Brosse à dents OralB Pro 3+1 brossettes Mix","p":61.77,"u":"15,44 €/P","img":"https://fd8-photos.leclercdrive.fr/image.ashx?id=2490791&use=l&cat=p&typeid=i","cat":297133},{"id":203927,"n":"Mousse à raser  Gillette Labs - 240ml","p":6.65,"u":"27,71 €/L","img":"https://fd8-photos.leclercdrive.fr/image.ashx?id=2849289&use=l&cat=p&typeid=i","cat":284617},{"id":204050,"n":"Haricots vert Bio Village Bio 220g","p":1.49,"u":"6,77 €/KG","img":"https://fd8-photos.leclercdrive.fr/image.ashx?id=3002716&use=l&cat=p&typeid=i","cat":312606},{"id":204056,"n":"Céréales Spécial K Kellogg's Fruits rouges - 450g","p":3.38,"u":"7,51 €/KG","img":"https://fd8-photos.leclercdrive.fr/image.ashx?id=2775029&use=l&cat=p&typeid=i","cat":309512},{"id":204057,"n":"Céréales Spécial K Kellogg's Chocolat noir - 500g","p":4.22,"u":"8,44 €/KG","img":"https://fd8-photos.leclercdrive.fr/image.ashx?id=2692710&use=l&cat=p&typeid=i","cat":309512},{"id":204058,"n":"Céréales Special K Kellogg's Chocolat au Lait - 500g","p":4.28,"u":"8,56 €/KG","img":"https://fd8-photos.leclercdrive.fr/image.ashx?id=2692713&use=l&cat=p&typeid=i","cat":309512},{"id":204061,"n":"Mais Bio Village Bio - 285g","p":1.09,"u":"3,82 €/KG","img":"https://fd8-photos.leclercdrive.fr/image.ashx?id=3002719&use=l&cat=p&typeid=i","cat":312611},{"id":204065,"n":"Bouillon Knorr Saveur boeuf - 150g","p":1.36,"u":"9,07 €/KG","img":"https://fd8-photos.leclercdrive.fr/image.ashx?id=2866846&use=l&cat=p&typeid=i","cat":288379},{"id":204073,"n":"Fromage Fouetté Ail Fines Herbe à tartiner Les Croisés - 150g","p":1.53,"u":"10,20 €/KG","img":"https://fd8-photos.leclercdrive.fr/image.ashx?id=2487398&use=l&cat=p&typeid=i","cat":314029},{"id":204081,"n":"spray parfum intérieur Lenart  Herboriste - Douce nuit - 200ml","p":7.63,"u":"38,15 €/L","img":"https://fd8-photos.leclercdrive.fr/image.ashx?id=2497163&use=l&cat=p&typeid=i","cat":311626},{"id":204131,"n":"Nettoyant four Decapfour  Express - 500ml","p":3.45,"u":"6,90 €/L","img":"https://fd8-photos.leclercdrive.fr/image.ashx?id=2489719&use=l&cat=p&typeid=i","cat":325363},{"id":204147,"n":"BoiteTea Time Delacre Jardin - 1kg","p":15.0,"u":"60,00 €/KG","img":"https://fd8-photos.leclercdrive.fr/image.ashx?id=2490116&use=l&cat=p&typeid=i","cat":284499},{"id":204151,"n":"Spray parfum intérieur Lenart Herboriste- Bonne humeur- 200ml","p":5.09,"u":"25,45 €/L","img":"https://fd8-photos.leclercdrive.fr/image.ashx?id=2497160&use=l&cat=p&typeid=i","cat":311626},{"id":204157,"n":"Pâte feuilletée Herta Trésor de Grand-Mère  280g","p":1.69,"u":"6,04 €/KG","img":"https://fd8-photos.leclercdrive.fr/image.ashx?id=2833303&use=l&cat=p&typeid=i","cat":333681},{"id":204158,"n":"Pâte brisée Herta Trésor de Grand-Mère - 280g","p":1.75,"u":"6,25 €/KG","img":"https://fd8-photos.leclercdrive.fr/image.ashx?id=2833306&use=l&cat=p&typeid=i","cat":333681},{"id":204161,"n":"Lait corps L'Arbre Vert Réparateur-Huile d'argan- 250ml","p":4.89,"u":"19,56 €/L","img":"https://fd8-photos.leclercdrive.fr/image.ashx?id=2892802&use=l&cat=p&typeid=i","cat":null},{"id":204162,"n":"Boîte chien Pedigree Terrine - 6x400g","p":6.7,"img":"https://fd8-photos.leclercdrive.fr/image.ashx?id=2849725&use=l&cat=p&typeid=i","cat":288578},{"id":204164,"n":"Sachet fraicheur chat Whiskas Poissons en gelée - 24x85g","p":9.49,"u":"4,65 €/KG","img":"https://fd8-photos.leclercdrive.fr/image.ashx?id=2490200&use=l&cat=p&typeid=i","cat":285286},{"id":204168,"n":"Rasoir xtreme 3 Wilkinson Sensitive - x24","p":24.29,"img":"https://fd8-photos.leclercdrive.fr/image.ashx?id=2844691&use=l&cat=p&typeid=i","cat":284616},{"id":204169,"n":"Sachet fraicheur chat Whiskas Festins volaille gelée - 12x85g","p":4.86,"u":"4,76 €/KG","img":"https://fd8-photos.leclercdrive.fr/image.ashx?id=2490329&use=l&cat=p&typeid=i","cat":285286},{"id":204176,"n":"Brosses à dents Sensodyne Soin & précision - x3","p":8.16,"u":"2,72 €/P","img":"https://fd8-photos.leclercdrive.fr/image.ashx?id=2831804&use=l&cat=p&typeid=i","cat":284614},{"id":204179,"n":"Sachet fraicheur chat Whiskas Tasty Mix en sauce - 40x85g","p":16.1,"u":"4,74 €/KG","img":"https://fd8-photos.leclercdrive.fr/image.ashx?id=2589488&use=l&cat=p&typeid=i","cat":285286},{"id":204190,"n":"Spray Laque Schwarzkopf Fixation normale - 400ml","p":6.93,"u":"17,33 €/L","img":"https://fd8-photos.leclercdrive.fr/image.ashx?id=2491448&use=l&cat=p&typeid=i","cat":284609},{"id":204207,"n":"Gel Douche Le Petit Marseillais Feuille olivier - 2x650ml","p":7.85,"u":"6,04 €/L","img":"https://fd8-photos.leclercdrive.fr/image.ashx?id=2491589&use=l&cat=p&typeid=i","cat":284594},{"id":204242,"n":"Brosse à dent électrique Oral-B Pro 3 3000-Blanc - 1 brossette","p":64.73,"img":"https://fd8-photos.leclercdrive.fr/image.ashx?id=2585258&use=l&cat=p&typeid=i","cat":297133},{"id":204244,"n":"Lames Fusion Gillette x14","p":48.81,"u":"3,49 €/P","img":"https://fd8-photos.leclercdrive.fr/image.ashx?id=2497791&use=l&cat=p&typeid=i","cat":284616},{"id":204246,"n":"Lames Gillette Labs x10","p":46.95,"u":"4,70 €/P","img":"https://fd8-photos.leclercdrive.fr/image.ashx?id=2497794&use=l&cat=p&typeid=i","cat":284616},{"id":204247,"n":"Protège-slip Vania Confort Multiformes - 1p","p":2.11,"img":"https://fd8-photos.leclercdrive.fr/image.ashx?id=2735224&use=l&cat=p&typeid=i","cat":284625},{"id":204248,"n":"Galettes St Michel Fourrées Chocolat au lait 240g","p":1.84,"u":"7,67 €/KG","img":"https://fd8-photos.leclercdrive.fr/image.ashx?id=2950000&use=l&cat=p&typeid=i","cat":284487},{"id":204249,"n":"Galettes Moelleuses St Michel  Tigrées Chocolat - 180g","p":1.61,"u":"8,94 €/KG","img":"https://fd8-photos.leclercdrive.fr/image.ashx?id=2950006&use=l&cat=p&typeid=i","cat":284495},{"id":204254,"n":"Boisson au jus de fruits Danao Multivitaminé - 1.35L","p":3.95,"u":"2,93 €/L","img":"https://fd8-photos.leclercdrive.fr/image.ashx?id=2638325&use=l&cat=p&typeid=i","cat":295246},{"id":204255,"n":"Shampooing Head & Shoulders Menthe - 750ml","p":12.89,"u":"17,19 €/L","img":"https://fd8-photos.leclercdrive.fr/image.ashx?id=2492968&use=l&cat=p&typeid=i","cat":284606},{"id":204256,"n":"Shampooing Head & Shoulders Apple Fresh - 750ml","p":12.25,"u":"16,33 €/L","img":"https://fd8-photos.leclercdrive.fr/image.ashx?id=2492971&use=l&cat=p&typeid=i","cat":284606},{"id":204257,"n":"Shampooing Head & Shoulders Classic - 2-en-1 - 710ml","p":12.18,"u":"17,15 €/L","img":"https://fd8-photos.leclercdrive.fr/image.ashx?id=2507236&use=l&cat=p&typeid=i","cat":284606},{"id":204259,"n":"Shampooing Head&Shoulders Pure Intense - Oil control - 500ml","p":13.56,"u":"27,12 €/L","img":"https://fd8-photos.leclercdrive.fr/image.ashx?id=2518445&use=l&cat=p&typeid=i","cat":284606},{"id":204275,"n":"Soin Hydratant So Bio Etic Grenade bio - 50ml","p":11.67,"u":"233,40 €/L","img":"https://fd8-photos.leclercdrive.fr/image.ashx?id=2787110&use=l&cat=p&typeid=i","cat":325345},{"id":204302,"n":"Shampoing nutrition Ultra Doux Lait de coco - 300ml","p":2.39,"u":"7,97 €/L","img":"https://fd8-photos.leclercdrive.fr/image.ashx?id=2492788&use=l&cat=p&typeid=i","cat":284606},{"id":204303,"n":"Shampoing purifiant Ultra Doux Cheveux gras - 300ml","p":3.13,"u":"10,43 €/L","img":"https://fd8-photos.leclercdrive.fr/image.ashx?id=2492791&use=l&cat=p&typeid=i","cat":284606},{"id":204304,"n":"Shampoing Illuminant Ultra Doux Camomille - 300ml","p":3.02,"u":"10,07 €/L","img":"https://fd8-photos.leclercdrive.fr/image.ashx?id=2926596&use=l&cat=p&typeid=i","cat":284606},{"id":204305,"n":"Shampoing nutrition Ultra Doux Argan et camélia - 300ml","p":3.02,"u":"10,07 €/L","img":"https://fd8-photos.leclercdrive.fr/image.ashx?id=2492797&use=l&cat=p&typeid=i","cat":284606},{"id":204306,"n":"Shampoing nutrition Ultra Doux Cheveu Bouclé à Frisé - 300ml","p":2.95,"u":"9,83 €/L","img":"https://fd8-photos.leclercdrive.fr/image.ashx?id=2926599&use=l&cat=p&typeid=i","cat":284606},{"id":204307,"n":"Shampoing Couleur Ultra Doux Cheveux colorés - 300ml","p":2.75,"u":"9,17 €/L","img":"https://fd8-photos.leclercdrive.fr/image.ashx?id=2492803&use=l&cat=p&typeid=i","cat":284606},{"id":204308,"n":"Shampoing Enfants Ultra Doux Abricot - 300ml","p":2.39,"u":"7,97 €/L","img":"https://fd8-photos.leclercdrive.fr/image.ashx?id=2851093&use=l&cat=p&typeid=i","cat":284606},{"id":204310,"n":"Shampoing Hydratant Ultra Doux Cheveux délicats - 300ml","p":3.13,"u":"10,43 €/L","img":"https://fd8-photos.leclercdrive.fr/image.ashx?id=2492812&use=l&cat=p&typeid=i","cat":284606},{"id":204313,"n":"Après-shampooing karité Garnier Cheveu bouclé à Frisé - 250ml","p":3.02,"u":"12,08 €/L","img":"https://fd8-photos.leclercdrive.fr/image.ashx?id=2986651&use=l&cat=p&typeid=i","cat":284607},{"id":204314,"n":"Après-shampoing Ultra doux Cheveux fragiles - 250ml","p":3.05,"u":"12,20 €/L","img":"https://fd8-photos.leclercdrive.fr/image.ashx?id=2646569&use=l&cat=p&typeid=i","cat":284607},{"id":204315,"n":"Démêlant nourrissant Garnier Cheveu sec à très sec - 250ml","p":2.39,"u":"9,56 €/L","img":"https://fd8-photos.leclercdrive.fr/image.ashx?id=2492827&use=l&cat=p&typeid=i","cat":284607},{"id":204316,"n":"Shampoing réparateur Ultra Doux Cheveux fragiles - 300ml","p":2.95,"u":"9,83 €/L","img":"https://fd8-photos.leclercdrive.fr/image.ashx?id=2646572&use=l&cat=p&typeid=i","cat":284606},{"id":204318,"n":"Kit balai spray Swiffer WetJet","p":28.45,"img":"https://fd8-photos.leclercdrive.fr/image.ashx?id=2492929&use=l&cat=p&typeid=i","cat":284669},{"id":204323,"n":"Chips Vico Paprika - 125g","p":1.12,"u":"8,96 €/KG","img":"https://fd8-photos.leclercdrive.fr/image.ashx?id=2921298&use=l&cat=p&typeid=i","cat":284447},{"id":204327,"n":"Soupe instantanée Royco  Velouté Tomates - 4x200ml","p":1.45,"u":"1,81 €/L","img":"https://fd8-photos.leclercdrive.fr/image.ashx?id=2650991&use=l&cat=p&typeid=i","cat":293527},{"id":204328,"n":"Soupe instantanée Royco  Mouliné 12 Légumes - 4x200ml","p":1.34,"u":"1,68 €/L","img":"https://fd8-photos.leclercdrive.fr/image.ashx?id=2650994&use=l&cat=p&typeid=i","cat":293527},{"id":204329,"n":"Soupe liquide Liebig  Façon napolitaine - 1L","p":3.45,"u":"3,45 €/L","img":"https://fd8-photos.leclercdrive.fr/image.ashx?id=2493133&use=l&cat=p&typeid=i","cat":284462},{"id":204330,"n":"Soupe liquide brique Liebig  Poule Vermicelles - 1L","p":2.66,"u":"2,66 €/L","img":"https://fd8-photos.leclercdrive.fr/image.ashx?id=2493136&use=l&cat=p&typeid=i","cat":284462},{"id":204432,"n":"Oignon rouge Panier du Primeur x4","p":1.79,"u":"0,45 €/P","img":"https://fd8-photos.leclercdrive.fr/image.ashx?id=2966490&use=l&cat=p&typeid=i","cat":284352},{"id":204438,"n":"Oignon rouge Bio  Bio Village - 500g","p":2.49,"u":"4,98 €/KG","img":"https://fd8-photos.leclercdrive.fr/image.ashx?id=2922460&use=l&cat=p&typeid=i","cat":284352},{"id":204496,"n":"Cotons démaquillants Demakup Sensitive - 6x64","p":5.86,"u":"0,02 €/P","img":"https://fd8-photos.leclercdrive.fr/image.ashx?id=2745283&use=l&cat=p&typeid=i","cat":285593},{"id":204517,"n":"Coloration Casting Crème gloss Brown noisette n°423 - x2","p":19.99,"u":"10,00 €/P","img":"https://fd8-photos.leclercdrive.fr/image.ashx?id=2497118&use=l&cat=p&typeid=i","cat":288899},{"id":204519,"n":"Coloration Casting Crème gloss Blond miel n°623 - x2","p":20.51,"u":"10,26 €/P","img":"https://fd8-photos.leclercdrive.fr/image.ashx?id=2497124&use=l&cat=p&typeid=i","cat":288899},{"id":204620,"n":"Purée Butternut Patate douce Notre Jardin - 750g","p":3.49,"u":"4,65 €/KG","img":"https://fd8-photos.leclercdrive.fr/image.ashx?id=2856208&use=l&cat=p&typeid=i","cat":319805},{"id":204621,"n":"Purée de courgette Céleri  Brocoli Notre Jardin - 750g","p":2.24,"u":"2,99 €/KG","img":"https://fd8-photos.leclercdrive.fr/image.ashx?id=2860031&use=l&cat=p&typeid=i","cat":319805},{"id":204640,"n":"Capsule lavage floral citron Dash pods - 25 doses","p":15.29,"u":"0,61 €/P","img":"https://fd8-photos.leclercdrive.fr/image.ashx?id=2543468&use=l&cat=p&typeid=i","cat":284641},{"id":204655,"n":"Crème visage Mixa Expert Peaux sensibles - 2x100ml","p":6.37,"u":"31,85 €/L","img":"https://fd8-photos.leclercdrive.fr/image.ashx?id=2494428&use=l&cat=p&typeid=i","cat":325345},{"id":204666,"n":"Blanc de Poulet Fleury Michon Halal Sans nitrite - 180g","p":2.93,"u":"16,28 €/KG","img":"https://fd8-photos.leclercdrive.fr/image.ashx?id=2886846&use=l&cat=p&typeid=i","cat":316013},{"id":204679,"n":"Shampooing Ultra Doux Garnier Tilleul - 3x300ml","p":10.37,"u":"11,52 €/L","img":"https://fd8-photos.leclercdrive.fr/image.ashx?id=2494566&use=l&cat=p&typeid=i","cat":284606},{"id":204698,"n":"Sérum-huile rosé L'Oréal Paris Age perfect - 30ml","p":20.54,"u":"684,67 €/L","img":"https://fd8-photos.leclercdrive.fr/image.ashx?id=2580161&use=l&cat=p&typeid=i","cat":325345},{"id":204700,"n":"BB crème soin 5en1 Garnier Anti-âge teinte medium - 50ml","p":7.39,"u":"147,80 €/L","img":"https://fd8-photos.leclercdrive.fr/image.ashx?id=2494974&use=l&cat=p&typeid=i","cat":325345},{"id":204701,"n":"BB Crème Soin Tout en 1 Garnier Teinte claire - 50ml","p":7.37,"u":"147,40 €/L","img":"https://fd8-photos.leclercdrive.fr/image.ashx?id=2495746&use=l&cat=p&typeid=i","cat":325345},{"id":204702,"n":"BB Crème Soin tout en 1 Garnier Teinte medium - 50ml","p":7.35,"u":"147,00 €/L","img":"https://fd8-photos.leclercdrive.fr/image.ashx?id=2494977&use=l&cat=p&typeid=i","cat":325345},{"id":204705,"n":"Pruneaux d'Agen géants IGP Dénoyautés - 250g","p":4.03,"u":"16,12 €/KG","img":"https://fd8-photos.leclercdrive.fr/image.ashx?id=2516635&use=l&cat=p&typeid=i","cat":284357},{"id":204710,"n":"Crème solaire Mixa Protection enfant- SPF50- 175ml","p":12.75,"u":"72,86 €/L","img":"https://fd8-photos.leclercdrive.fr/image.ashx?id=2494995&use=l&cat=p&typeid=i","cat":325355},{"id":204717,"n":"Soda Schweppes Saveur Agrumes Zero - 1,5L","p":1.85,"u":"1,23 €/L","img":"https://fd8-photos.leclercdrive.fr/image.ashx?id=2852444&use=l&cat=p&typeid=i","cat":284532},{"id":204718,"n":"Soda Schweppes Saveur Agrumes - 1,5L","p":1.7,"u":"1,13 €/L","img":"https://fd8-photos.leclercdrive.fr/image.ashx?id=2852447&use=l&cat=p&typeid=i","cat":284532},{"id":204719,"n":"Soda Schweppes Indian Tonic - 1,5L","p":1.9,"u":"1,27 €/L","img":"https://fd8-photos.leclercdrive.fr/image.ashx?id=2852456&use=l&cat=p&typeid=i","cat":284531},{"id":204731,"n":"Sachet fraîcheur chat Whiskas  Sélection en sauce - 12x85g","p":5.21,"u":"5,11 €/KG","img":"https://fd8-photos.leclercdrive.fr/image.ashx?id=2495764&use=l&cat=p&typeid=i","cat":285286},{"id":204734,"n":"Boîte chien Pedigree Cuisinés en sauce - 3x800g","p":7.69,"u":"3,20 €/KG","img":"https://fd8-photos.leclercdrive.fr/image.ashx?id=2849731&use=l&cat=p&typeid=i","cat":288578},{"id":204747,"n":"Dentifrice Aquafresh Menthe fraîche - 125ml","p":2.05,"u":"16,40 €/L","img":"https://fd8-photos.leclercdrive.fr/image.ashx?id=2546752&use=l&cat=p&typeid=i","cat":284612},{"id":204748,"n":"Boisson énergisante Red Bull Goût Abricot-Fraise, 250ml","p":1.49,"u":"5,96 €/L","img":"https://fd8-photos.leclercdrive.fr/image.ashx?id=3011995&use=l&cat=p&typeid=i","cat":284533},{"id":204788,"n":"Gnocchi à poêler Lustucru 325g","p":1.75,"u":"5,38 €/KG","img":"https://fd8-photos.leclercdrive.fr/image.ashx?id=2975218&use=l&cat=p&typeid=i","cat":333682},{"id":204789,"n":"Gnocchi à poêler Lustucru 520g","p":2.45,"u":"4,71 €/KG","img":"https://fd8-photos.leclercdrive.fr/image.ashx?id=2792423&use=l&cat=p&typeid=i","cat":333682},{"id":204791,"n":"Gnocchi à poêler Lustucru  Format XXL - 720g","p":2.95,"u":"4,10 €/KG","img":"https://fd8-photos.leclercdrive.fr/image.ashx?id=2788556&use=l&cat=p&typeid=i","cat":333682},{"id":204792,"n":"Girasoli Lustucru Tomate Basilic Mozzarella 250g","p":2.69,"u":"10,76 €/KG","img":"https://fd8-photos.leclercdrive.fr/image.ashx?id=2974363&use=l&cat=p&typeid=i","cat":333682},{"id":204796,"n":"Tortellini Lustucru Jambon cru - 250g","p":2.45,"u":"9,80 €/KG","img":"https://fd8-photos.leclercdrive.fr/image.ashx?id=2974360&use=l&cat=p&typeid=i","cat":333682},{"id":204797,"n":"Nectar de mangue Eco+ 1L","p":1.37,"u":"1,37 €/L","img":"https://fd8-photos.leclercdrive.fr/image.ashx?id=2955608&use=l&cat=p&typeid=i","cat":284916},{"id":204921,"n":"Lessive liquide Marseille  Chanteclair dégraissant - 1.8L","p":7.35,"u":"4,08 €/L","img":"https://fd8-photos.leclercdrive.fr/image.ashx?id=2497806&use=l&cat=p&typeid=i","cat":284640},{"id":204952,"n":"Thon Sauce Catalane Petit Navire - 140g","p":1.51,"u":"10,79 €/KG","img":"https://fd8-photos.leclercdrive.fr/image.ashx?id=2989072&use=l&cat=p&typeid=i","cat":303867},{"id":204989,"n":"Pansement ampoule Mercurochrome Extrême - Talons - x4","p":6.26,"u":"1,57 €/P","img":"https://fd8-photos.leclercdrive.fr/image.ashx?id=2765066&use=l&cat=p&typeid=i","cat":284630},{"id":205006,"n":"Compotes Pom'Potes Gourdes BIO  Multivariétés - 12x90g","p":6.14,"u":"5,69 €/KG","img":"https://fd8-photos.leclercdrive.fr/image.ashx?id=2899344&use=l&cat=p&typeid=i","cat":284508},{"id":205007,"n":"Compotes Pom'Potes Gourdes  Explorateurs sur Neptun  12x90g","p":6.15,"u":"5,69 €/KG","img":"https://fd8-photos.leclercdrive.fr/image.ashx?id=2900743&use=l&cat=p&typeid=i","cat":284508},{"id":205008,"n":"Compotes Pom'Potes Gourdes  Recette Douceur d’Asie - 12x90g","p":6.12,"u":"5,67 €/KG","img":"https://fd8-photos.leclercdrive.fr/image.ashx?id=2563391&use=l&cat=p&typeid=i","cat":284508},{"id":205144,"n":"Moutarde de Dijon - Clovis 200g","p":1.4,"u":"7,00 €/KG","img":"https://fd8-photos.leclercdrive.fr/image.ashx?id=2984841&use=l&cat=p&typeid=i","cat":288850},{"id":205232,"n":"Serviettes Always Ultra Normal Plus - T1 - x14","p":2.64,"u":"0,19 €/P","img":"https://fd8-photos.leclercdrive.fr/image.ashx?id=2851321&use=l&cat=p&typeid=i","cat":284624},{"id":205233,"n":"Serviettes Always Ultra Long - T2 - x12","p":2.73,"u":"0,23 €/P","img":"https://fd8-photos.leclercdrive.fr/image.ashx?id=2851324&use=l&cat=p&typeid=i","cat":284624},{"id":205235,"n":"Serviettes Always Ultra Secure night -T4 - x9","p":2.67,"u":"0,30 €/P","img":"https://fd8-photos.leclercdrive.fr/image.ashx?id=2851330&use=l&cat=p&typeid=i","cat":284624},{"id":205236,"n":"Protège-slip Always Fresh & Protect - Normal - x30","p":2.62,"u":"0,09 €/P","img":"https://fd8-photos.leclercdrive.fr/image.ashx?id=2949070&use=l&cat=p&typeid=i","cat":284625},{"id":205237,"n":"Sérum anti-âge L'Oréal Paris Revitalift Vitamine C - 30ml","p":13.6,"u":"453,33 €/L","img":"https://fd8-photos.leclercdrive.fr/image.ashx?id=3003351&use=l&cat=p&typeid=i","cat":325345},{"id":205238,"n":"Savon Eco+ Amande douce - 150g","p":0.61,"u":"4,07 €/KG","img":"https://fd8-photos.leclercdrive.fr/image.ashx?id=2499058&use=l&cat=p&typeid=i","cat":284597},{"id":205239,"n":"Nettoyant four Decapfour Confort - 500ml","p":3.75,"u":"7,50 €/L","img":"https://fd8-photos.leclercdrive.fr/image.ashx?id=2499669&use=l&cat=p&typeid=i","cat":325363},{"id":205269,"n":"Saumur blanc brut Grande Cuvée Gratien & Meyer - 75cl","p":8.45,"u":"11,27 €/L","img":"https://fd8-photos.leclercdrive.fr/image.ashx?id=2576898&use=l&cat=p&typeid=i","cat":284544},{"id":205281,"n":"Huile d'olive vierge extra Terra Delyssa - 75cl","p":9.89,"u":"13,19 €/L","img":"https://fd8-photos.leclercdrive.fr/image.ashx?id=2679356&use=l&cat=p&typeid=i","cat":284453},{"id":205303,"n":"Gel lavant Sanytol Désinfectant cuisine - 250ml","p":2.17,"u":"8,68 €/L","img":"https://fd8-photos.leclercdrive.fr/image.ashx?id=2904661&use=l&cat=p&typeid=i","cat":284597},{"id":205304,"n":"Bandes de cire froide Expert Veet Corps Peaux sensibles x40","p":11.01,"u":"0,28 €/P","img":"https://fd8-photos.leclercdrive.fr/image.ashx?id=2964959&use=l&cat=p&typeid=i","cat":325351},{"id":205305,"n":"Bandes de cire froide Expert Veet Visage Peaux sensibles x20","p":5.45,"u":"0,27 €/P","img":"https://fd8-photos.leclercdrive.fr/image.ashx?id=2915440&use=l&cat=p&typeid=i","cat":325351},{"id":205311,"n":"Masque Remède Garnier Cheveux normaux à gras - 340ml","p":5.29,"u":"15,56 €/L","img":"https://fd8-photos.leclercdrive.fr/image.ashx?id=2500171&use=l&cat=p&typeid=i","cat":284608},{"id":205312,"n":"Coloration Permanente Olia 4.0 Châtain cacao","p":9.65,"img":"https://fd8-photos.leclercdrive.fr/image.ashx?id=2518718&use=l&cat=p&typeid=i","cat":288899},{"id":205313,"n":"Coloration Permanente Olia 5.0 Châtain Clair Café","p":9.65,"img":"https://fd8-photos.leclercdrive.fr/image.ashx?id=2521167&use=l&cat=p&typeid=i","cat":288899},{"id":205314,"n":"Coloration Permanente Olia 6.0 Châtain Très Clair","p":9.65,"img":"https://fd8-photos.leclercdrive.fr/image.ashx?id=2521170&use=l&cat=p&typeid=i","cat":288899},{"id":205315,"n":"Coloration Permanente Olia 8.0 Blond miel sans ammoniaque","p":9.65,"u":"9,65 €/TRC","img":"https://fd8-photos.leclercdrive.fr/image.ashx?id=2521173&use=l&cat=p&typeid=i","cat":288899},{"id":205317,"n":"Après-Shampooing Garnier Cheveux normaux à gras - 200ml","p":2.39,"u":"11,95 €/L","img":"https://fd8-photos.leclercdrive.fr/image.ashx?id=2500174&use=l&cat=p&typeid=i","cat":284607},{"id":205318,"n":"Shampoing charbon Ultra Doux Equilibrant - 250ml","p":2.44,"u":"9,76 €/L","img":"https://fd8-photos.leclercdrive.fr/image.ashx?id=2500177&use=l&cat=p&typeid=i","cat":284606},{"id":205320,"n":"Masque Assouplissant Garnier Cheveu sec à très sec - 340ml","p":4.67,"u":"13,74 €/L","img":"https://fd8-photos.leclercdrive.fr/image.ashx?id=2500162&use=l&cat=p&typeid=i","cat":284608},{"id":205363,"n":"Bière aromatisée La Bête Rouge 8° - 50cl canette","p":2.58,"u":"5,16 €/L","img":"https://fd8-photos.leclercdrive.fr/image.ashx?id=2906325&use=l&cat=p&typeid=i","cat":334853},{"id":205439,"n":"Sirop sans sucre Teisseire  Fraise - 60cl","p":3.15,"u":"5,25 €/L","img":"https://fd8-photos.leclercdrive.fr/image.ashx?id=2500455&use=l&cat=p&typeid=i","cat":295020},{"id":205520,"n":"Crème glacée La Laitière Rhum Raisins - 490g","p":3.24,"pp":2.27,"u":"4,63 €/KG","img":"https://fd8-photos.leclercdrive.fr/image.ashx?id=2877877&use=l&cat=p&typeid=i","cat":284263},{"id":205522,"n":"Shampoing Réparateur Elsève Pro Bond Repair - 200ml","p":6.19,"u":"30,95 €/L","img":"https://fd8-photos.leclercdrive.fr/image.ashx?id=3008779&use=l&cat=p&typeid=i","cat":284606},{"id":205525,"n":"Démêlant Intense Elsève Pro Bond Repair - 150ml","p":5.59,"u":"37,27 €/L","img":"https://fd8-photos.leclercdrive.fr/image.ashx?id=3008782&use=l&cat=p&typeid=i","cat":284607},{"id":205658,"n":"Repas P'tit diner Yooji Bio Potiron mais millet 300g","p":3.92,"u":"13,07 €/KG","img":"https://fd8-photos.leclercdrive.fr/image.ashx?id=2832254&use=l&cat=p&typeid=i","cat":290631},{"id":205659,"n":"Ptit diner Petit pois  Epinards et orge bio - 300g","p":3.61,"u":"12,03 €/KG","img":"https://fd8-photos.leclercdrive.fr/image.ashx?id=2832257&use=l&cat=p&typeid=i","cat":290631},{"id":205787,"n":"Saucisse de Toulouse Férial Brassé - 450g","p":4.16,"u":"9,24 €/KG","img":"https://fd8-photos.leclercdrive.fr/image.ashx?id=2761986&use=l&cat=p&typeid=i","cat":284334},{"id":205876,"n":"Nettoyant dilué Mr Propre Bicarbonate - 1L","p":3.22,"u":"3,22 €/L","img":"https://fd8-photos.leclercdrive.fr/image.ashx?id=2867842&use=l&cat=p&typeid=i","cat":284907},{"id":205892,"n":"Nettoyant multi-usages Mr Propre - Savon noir - 1L","p":2.96,"u":"2,96 €/L","img":"https://fd8-photos.leclercdrive.fr/image.ashx?id=2889976&use=l&cat=p&typeid=i","cat":284907},{"id":205921,"n":"Glace à la Crème de Marrons  Clément Faugier - 320g","p":6.31,"u":"19,72 €/KG","img":"https://fd8-photos.leclercdrive.fr/image.ashx?id=2867113&use=l&cat=p&typeid=i","cat":284725},{"id":205957,"n":"Fromage Persillée Bresse Bleu Le véritable - 300g","p":3.95,"u":"13,17 €/KG","img":"https://fd8-photos.leclercdrive.fr/image.ashx?id=2926515&use=l&cat=p&typeid=i","cat":314032},{"id":206033,"n":"Biscuits Mots Doux P'tit Déli Chocolat noisettes - 180g","p":1.89,"u":"10,50 €/KG","img":"https://fd8-photos.leclercdrive.fr/image.ashx?id=2771136&use=l&cat=p&typeid=i","cat":284488},{"id":206050,"n":"Thé glacé Fuze Tea Framboise Menthe  Sans sucres - 1.25L","p":1.65,"u":"1,32 €/L","img":"https://fd8-photos.leclercdrive.fr/image.ashx?id=2997217&use=l&cat=p&typeid=i","cat":295019},{"id":206105,"n":"Gel Nettoyant Visage Nivea Peaux à Imperfections - 150ml","p":4.02,"u":"26,80 €/L","img":"https://fd8-photos.leclercdrive.fr/image.ashx?id=2878243&use=l&cat=p&typeid=i","cat":284603},{"id":206106,"n":"Crème Visage Nuit Nivea Peaux à Imperfections - 40ml","p":6.42,"u":"160,50 €/L","img":"https://fd8-photos.leclercdrive.fr/image.ashx?id=2894999&use=l&cat=p&typeid=i","cat":325345},{"id":206108,"n":"Gommage Visage Nivea Peaux à Imperfections - 150ml","p":4.78,"u":"31,87 €/L","img":"https://fd8-photos.leclercdrive.fr/image.ashx?id=2836121&use=l&cat=p&typeid=i","cat":325346},{"id":206116,"n":"Rol'nuts  Chocolat cacahuète - 100g","p":0.96,"u":"9,60 €/KG","img":"https://fd8-photos.leclercdrive.fr/image.ashx?id=2507691&use=l&cat=p&typeid=i","cat":284449},{"id":206120,"n":"Crème dépilatoire Expert Veet Corps Peaux sensibles 200ml","p":7.29,"u":"36,45 €/L","img":"https://fd8-photos.leclercdrive.fr/image.ashx?id=2970804&use=l&cat=p&typeid=i","cat":325351},{"id":206122,"n":"Liquide vaisselle Rainett Concentré - Framboise - 500ml","p":1.95,"u":"3,90 €/L","img":"https://fd8-photos.leclercdrive.fr/image.ashx?id=2508792&use=l&cat=p&typeid=i","cat":284655},{"id":206123,"n":"Liquide vaisselle Paic Bi Activ Vinaigre et Sel minéral - 750ml","p":3.05,"u":"4,07 €/L","img":"https://fd8-photos.leclercdrive.fr/image.ashx?id=2508843&use=l&cat=p&typeid=i","cat":284655},{"id":206125,"n":"Riz parfumé  1kg","p":2.29,"u":"2,29 €/KG","img":"https://fd8-photos.leclercdrive.fr/image.ashx?id=2515521&use=l&cat=p&typeid=i","cat":284428},{"id":206126,"n":"Infusion La Tisanière Nuit calme - x20 - 28g","p":3.05,"u":"108,93 €/KG","img":"https://fd8-photos.leclercdrive.fr/image.ashx?id=2907863&use=l&cat=p&typeid=i","cat":293234},{"id":206138,"n":"Boisson concentrée Teisseire Grenadine zéro sucres - 1,3L","p":5.01,"u":"3,85 €/L","img":"https://fd8-photos.leclercdrive.fr/image.ashx?id=2508585&use=l&cat=p&typeid=i","cat":295020},{"id":206139,"n":"Sirop Teisseire Cassis - 60cl","p":3.3,"u":"5,50 €/L","img":"https://fd8-photos.leclercdrive.fr/image.ashx?id=2508588&use=l&cat=p&typeid=i","cat":295020},{"id":206140,"n":"Sirop concentré Teisseire Citron vert - 60cl","p":3.3,"u":"5,50 €/L","img":"https://fd8-photos.leclercdrive.fr/image.ashx?id=2508591&use=l&cat=p&typeid=i","cat":295020},{"id":206143,"n":"Sirop Teisseire  Pêche - 60cl","p":3.3,"u":"5,50 €/L","img":"https://fd8-photos.leclercdrive.fr/image.ashx?id=2508597&use=l&cat=p&typeid=i","cat":295020},{"id":206144,"n":"Boisson concentrée Teisseire A diluer grenadine Zéro - 60cl","p":2.45,"u":"4,08 €/L","img":"https://fd8-photos.leclercdrive.fr/image.ashx?id=2508600&use=l&cat=p&typeid=i","cat":295020},{"id":206147,"n":"Boisson concentrée Teisseire Menthe verte sans sucres - 60cl","p":2.89,"u":"4,82 €/L","img":"https://fd8-photos.leclercdrive.fr/image.ashx?id=2508603&use=l&cat=p&typeid=i","cat":295020},{"id":206149,"n":"Boisson concentrée Teisseire Citron sans sucres - 60cl","p":2.95,"u":"4,92 €/L","img":"https://fd8-photos.leclercdrive.fr/image.ashx?id=2508606&use=l&cat=p&typeid=i","cat":295020},{"id":206154,"n":"Saucisson Herta  Fuet - 180g","p":2.97,"u":"16,50 €/KG","img":"https://fd8-photos.leclercdrive.fr/image.ashx?id=2767648&use=l&cat=p&typeid=i","cat":316006},{"id":206163,"n":"Sirop Teisseire  Menthe verte - 60cl","p":2.25,"u":"3,75 €/L","img":"https://fd8-photos.leclercdrive.fr/image.ashx?id=2772726&use=l&cat=p&typeid=i","cat":295020},{"id":206165,"n":"Citronnade Pulco 50cl","p":1.45,"u":"2,90 €/L","img":"https://fd8-photos.leclercdrive.fr/image.ashx?id=2941529&use=l&cat=p&typeid=i","cat":295018},{"id":206169,"n":"Sirop Tesseire Citron - 60cl","p":2.25,"u":"3,75 €/L","img":"https://fd8-photos.leclercdrive.fr/image.ashx?id=2771747&use=l&cat=p&typeid=i","cat":295020},{"id":206170,"n":"Sirop Teisseire Framboise - 60cl","p":3.45,"u":"5,75 €/L","img":"https://fd8-photos.leclercdrive.fr/image.ashx?id=2509331&use=l&cat=p&typeid=i","cat":295020},{"id":206172,"n":"Biscuits Kinder Tronky fourrés Cacao et au lait  - 90g","p":1.64,"u":"18,22 €/KG","img":"https://fd8-photos.leclercdrive.fr/image.ashx?id=2916462&use=l&cat=p&typeid=i","cat":284488},{"id":206298,"n":"Sirop Teisseire  Abricot - 60cl","p":2.53,"u":"4,22 €/L","img":"https://fd8-photos.leclercdrive.fr/image.ashx?id=2510774&use=l&cat=p&typeid=i","cat":295020},{"id":206299,"n":"Sirop Teisseire  Cerise - 60cl","p":4.04,"u":"6,73 €/L","img":"https://fd8-photos.leclercdrive.fr/image.ashx?id=2510777&use=l&cat=p&typeid=i","cat":295020},{"id":206300,"n":"Sirop Teisseire  Fruit de la passion - 60cl","p":2.52,"u":"4,20 €/L","img":"https://fd8-photos.leclercdrive.fr/image.ashx?id=2510780&use=l&cat=p&typeid=i","cat":295020},{"id":206442,"n":"Sirop Kiwi Teisseire  60cl","p":3.49,"u":"5,82 €/L","img":"https://fd8-photos.leclercdrive.fr/image.ashx?id=2510783&use=l&cat=p&typeid=i","cat":295020},{"id":206443,"n":"Sirop Teisseire  Violette - 60cl","p":3.3,"u":"5,50 €/L","img":"https://fd8-photos.leclercdrive.fr/image.ashx?id=2510786&use=l&cat=p&typeid=i","cat":295020},{"id":206444,"n":"Sirop Teisseire  Ice Tea pêche - 1.3L","p":5.79,"u":"4,45 €/L","img":"https://fd8-photos.leclercdrive.fr/image.ashx?id=2510789&use=l&cat=p&typeid=i","cat":295020},{"id":206445,"n":"Sirop Tropical  Teisseire Zéro sucres - 60cl","p":2.95,"u":"4,92 €/L","img":"https://fd8-photos.leclercdrive.fr/image.ashx?id=2510792&use=l&cat=p&typeid=i","cat":295020},{"id":206446,"n":"Bière d'Abbaye Grimbergen 6,5° - 20x25cl","p":17.35,"u":"3,47 €/L","img":"https://fd8-photos.leclercdrive.fr/image.ashx?id=2510771&use=l&cat=p&typeid=i","cat":334852},{"id":206449,"n":"Crodino 3x17.5.cl","p":3.62,"u":"6,90 €/L","img":"https://fd8-photos.leclercdrive.fr/image.ashx?id=2877145&use=l&cat=p&typeid=i","cat":284913},{"id":206534,"n":"Dos de lieu noir Eco+ 200g","p":3.99,"u":"19,95 €/KG","img":"https://fd8-photos.leclercdrive.fr/image.ashx?id=2966716&use=l&cat=p&typeid=i","cat":284342},{"id":206551,"n":"Serviettes hygiéniques Always Ultra Long Taille 2 - x26","p":5.33,"u":"0,21 €/P","img":"https://fd8-photos.leclercdrive.fr/image.ashx?id=2846493&use=l&cat=p&typeid=i","cat":284624},{"id":206553,"n":"Serviettes hygiéniques Always Ultra Jour&Nuit Taille 3 - x22","p":4.68,"u":"0,21 €/P","img":"https://fd8-photos.leclercdrive.fr/image.ashx?id=2849433&use=l&cat=p&typeid=i","cat":284624},{"id":206582,"n":"Liquide vaiselle Paic Bi Activ Vinaigre et citron - 750ml","p":2.98,"u":"3,97 €/L","img":"https://fd8-photos.leclercdrive.fr/image.ashx?id=2966797&use=l&cat=p&typeid=i","cat":284655},{"id":206583,"n":"Liquide vaiselle Paic Bi Activ Vinaigre et menthol - 750ml","p":3.29,"u":"4,39 €/L","img":"https://fd8-photos.leclercdrive.fr/image.ashx?id=2512075&use=l&cat=p&typeid=i","cat":284655},{"id":206606,"n":"Bâtonnets Trium Vanille chocolat blanc x4 314g","p":2.8,"u":"8,92 €/KG","img":"https://fd8-photos.leclercdrive.fr/image.ashx?id=2791392&use=l&cat=p&typeid=i","cat":284265},{"id":206614,"n":"Thé glacé Oasis Ice Tea Saveur Pêche - 6x33cl","p":3.84,"u":"1,94 €/L","img":"https://fd8-photos.leclercdrive.fr/image.ashx?id=2873865&use=l&cat=p&typeid=i","cat":295019},{"id":206617,"n":"Lessive liquide Arbre Vert Recharge x34 - 1.53L","p":6.55,"u":"4,28 €/L","img":"https://fd8-photos.leclercdrive.fr/image.ashx?id=2680209&use=l&cat=p&typeid=i","cat":284640},{"id":206661,"n":"Pré shampooing Elsève  Pro Bond Repair - 200ml","p":7.78,"u":"38,90 €/L","img":"https://fd8-photos.leclercdrive.fr/image.ashx?id=2870680&use=l&cat=p&typeid=i","cat":284606},{"id":206721,"n":"Sundae Ben & Jerry's Dulce de-delish - 342g","p":5.36,"u":"15,31 €/KG","img":"https://fd8-photos.leclercdrive.fr/image.ashx?id=2805654&use=l&cat=p&typeid=i","cat":284725},{"id":206724,"n":"Bâtonnet Magnum Double Starchaser x4 - 288g","p":3.08,"u":"10,69 €/KG","img":"https://fd8-photos.leclercdrive.fr/image.ashx?id=2805651&use=l&cat=p&typeid=i","cat":284265},{"id":206725,"n":"Bâtonnet Magnum Double Sunlover x4 - 300g","p":4.29,"u":"14,30 €/KG","img":"https://fd8-photos.leclercdrive.fr/image.ashx?id=2886397&use=l&cat=p&typeid=i","cat":284265},{"id":206726,"n":"Glace Bâtonnet MAGNUM Double Caramel 4x85ml","p":3.08,"u":"10,85 €/KG","img":"https://fd8-photos.leclercdrive.fr/image.ashx?id=2770626&use=l&cat=p&typeid=i","cat":284265},{"id":206727,"n":"Bâtonnet Magnum Double Chocolat x4 - 284g","p":3.08,"u":"10,85 €/KG","img":"https://fd8-photos.leclercdrive.fr/image.ashx?id=3009284&use=l&cat=p&typeid=i","cat":284265},{"id":206921,"n":"Lessive en poudre L'Arbre Vert 1.8kg","p":7.91,"u":"4,39 €/KG","img":"https://fd8-photos.leclercdrive.fr/image.ashx?id=2794445&use=l&cat=p&typeid=i","cat":284642},{"id":206924,"n":"White Spirit Mieuxa 1L","p":4.45,"u":"4,45 €/L","img":"https://fd8-photos.leclercdrive.fr/image.ashx?id=2563553&use=l&cat=p&typeid=i","cat":300576},{"id":206942,"n":"Limonade Lorina L'Originale 4x33cl","p":3.29,"u":"2,49 €/L","img":"https://fd8-photos.leclercdrive.fr/image.ashx?id=2518712&use=l&cat=p&typeid=i","cat":284531},{"id":206943,"n":"Limonade Lorina Cristal zero 1.25L","p":2.35,"u":"1,88 €/L","img":"https://fd8-photos.leclercdrive.fr/image.ashx?id=2853221&use=l&cat=p&typeid=i","cat":284531},{"id":206950,"n":"Gaufrettes P'tit Déli Fourrés - 128g","p":1.59,"u":"12,42 €/KG","img":"https://fd8-photos.leclercdrive.fr/image.ashx?id=2842522&use=l&cat=p&typeid=i","cat":284488},{"id":206981,"n":"Rôti de poulet Fleury Michon 100% filet CSN x4 - 150g","p":2.69,"u":"17,93 €/KG","img":"https://fd8-photos.leclercdrive.fr/image.ashx?id=2892670&use=l&cat=p&typeid=i","cat":316010},{"id":206985,"n":"Haché de jambon Fleury Michon À poêler x2 - 190g","p":2.15,"u":"11,32 €/KG","img":"https://fd8-photos.leclercdrive.fr/image.ashx?id=2518649&use=l&cat=p&typeid=i","cat":316009},{"id":206987,"n":"Haché jambon fromage  Fleury Michon x2 - 180g","p":2.15,"u":"11,94 €/KG","img":"https://fd8-photos.leclercdrive.fr/image.ashx?id=2522164&use=l&cat=p&typeid=i","cat":316009},{"id":206990,"n":"Haché de poulet Fleury Michon À poêler x2 - 160g","p":1.41,"u":"8,81 €/KG","img":"https://fd8-photos.leclercdrive.fr/image.ashx?id=2524709&use=l&cat=p&typeid=i","cat":316010},{"id":206992,"n":"Emincés pouletFleury Michon -25% sel sans nitrite -150g","p":2.71,"u":"18,07 €/KG","img":"https://fd8-photos.leclercdrive.fr/image.ashx?id=2661316&use=l&cat=p&typeid=i","cat":316011},{"id":206994,"n":"Allumettes de poulet  Fleury Michon x2 - 150g","p":1.79,"u":"11,93 €/KG","img":"https://fd8-photos.leclercdrive.fr/image.ashx?id=2659647&use=l&cat=p&typeid=i","cat":316011},{"id":206995,"n":"Cocktail prêt à boire Tails Rhum Daiquiri 14,9° - 50cl","p":15.11,"u":"30,22 €/L","img":"https://fd8-photos.leclercdrive.fr/image.ashx?id=2859860&use=l&cat=p&typeid=i","cat":284551},{"id":206996,"n":"Cocktail prêt à boire Tails Cosmo framboise 14,9° - 50cl","p":14.99,"u":"29,98 €/L","img":"https://fd8-photos.leclercdrive.fr/image.ashx?id=2858279&use=l&cat=p&typeid=i","cat":284551},{"id":206997,"n":"Couscous à la marocaine légumes Fleury Michon - 450g","p":3.99,"u":"8,87 €/KG","img":"https://fd8-photos.leclercdrive.fr/image.ashx?id=2656724&use=l&cat=p&typeid=i","cat":333665},{"id":207019,"n":"Monster Aussie Lemonade Boite - 50cl","p":1.69,"u":"3,38 €/L","img":"https://fd8-photos.leclercdrive.fr/image.ashx?id=2519552&use=l&cat=p&typeid=i","cat":284533},{"id":207034,"n":"Chair tomates Bio Village 400g","p":2.2,"u":"5,50 €/KG","img":"https://fd8-photos.leclercdrive.fr/image.ashx?id=2518568&use=l&cat=p&typeid=i","cat":288384},{"id":207042,"n":"Sirop Teisseire Grenadine Bidon mega - 1.3L","p":5.19,"u":"3,99 €/L","img":"https://fd8-photos.leclercdrive.fr/image.ashx?id=2519480&use=l&cat=p&typeid=i","cat":295020},{"id":207043,"n":"Lessive Liquide L'Arbre Vert Savon végétal 45 lavages 2,025L","p":7.12,"u":"3,52 €/L","img":"https://fd8-photos.leclercdrive.fr/image.ashx?id=3008542&use=l&cat=p&typeid=i","cat":284640},{"id":207044,"n":"Recharge Lessive l'Arbre Vert Amande Douce 34 lavages 1,53L","p":6.55,"u":"4,28 €/L","img":"https://fd8-photos.leclercdrive.fr/image.ashx?id=2684503&use=l&cat=p&typeid=i","cat":284640},{"id":207045,"n":"Goûter frais Nesquik snack Chocolat au lait - 4x104g","p":1.47,"u":"14,13 €/KG","img":"https://fd8-photos.leclercdrive.fr/image.ashx?id=2661507&use=l&cat=p&typeid=i","cat":284420},{"id":207047,"n":"Beurre de cacahuètes Menguy's 454g","p":4.49,"u":"9,89 €/KG","img":"https://fd8-photos.leclercdrive.fr/image.ashx?id=2844088&use=l&cat=p&typeid=i","cat":284481},{"id":207069,"n":"Glace Extrême Mini Fraise Vanille - x8 - 312g","p":3.59,"u":"11,51 €/KG","img":"https://fd8-photos.leclercdrive.fr/image.ashx?id=2732941&use=l&cat=p&typeid=i","cat":284264},{"id":207073,"n":"Tablette lave vaiselle L'Arbre Vert Tout-en-1 - x32","p":5.49,"u":"9,40 €/KG","img":"https://fd8-photos.leclercdrive.fr/image.ashx?id=2672332&use=l&cat=p&typeid=i","cat":284656},{"id":207074,"n":"Vaisselle mains L'Arbre Vert Peaux sensibles - 500ml","p":1.55,"u":"3,10 €/L","img":"https://fd8-photos.leclercdrive.fr/image.ashx?id=2845428&use=l&cat=p&typeid=i","cat":284655},{"id":207075,"n":"Vaisselle Main L'Arbre Vert Amande - 500ml","p":1.55,"u":"3,10 €/L","img":"https://fd8-photos.leclercdrive.fr/image.ashx?id=2845431&use=l&cat=p&typeid=i","cat":284655},{"id":207076,"n":"Recharge Vaisselle mains L'Arbre Vert - Amande - 1L","p":2.89,"u":"2,89 €/L","img":"https://fd8-photos.leclercdrive.fr/image.ashx?id=2849926&use=l&cat=p&typeid=i","cat":284655},{"id":207078,"n":"Nectar orange  Cidou Bio - 1L","p":1.96,"u":"1,96 €/L","img":"https://fd8-photos.leclercdrive.fr/image.ashx?id=2520237&use=l&cat=p&typeid=i","cat":284521},{"id":207101,"n":"Boîte Cotons tiges Feel Natural Blanc - Bambou - x200","p":0.91,"img":"https://fd8-photos.leclercdrive.fr/image.ashx?id=2544888&use=l&cat=p&typeid=i","cat":284636},{"id":207104,"n":"Culotte Feel Natural  Menstruelle - Taille XL","p":16.49,"img":"https://fd8-photos.leclercdrive.fr/image.ashx?id=2795255&use=l&cat=p&typeid=i","cat":284624},{"id":207105,"n":"Culotte Feel Natural Menstruelle - Taille XXL","p":16.49,"img":"https://fd8-photos.leclercdrive.fr/image.ashx?id=2795315&use=l&cat=p&typeid=i","cat":284624},{"id":207137,"n":"Assouplissant Minidou Vent de fraîcheur - 1L - x50","p":4.22,"u":"4,22 €/L","img":"https://fd8-photos.leclercdrive.fr/image.ashx?id=2795887&use=l&cat=p&typeid=i","cat":284650},{"id":207139,"n":"Serviettes hygiéniques Always  Ultra - Secure night - x18","p":4.8,"u":"0,27 €/P","img":"https://fd8-photos.leclercdrive.fr/image.ashx?id=2849436&use=l&cat=p&typeid=i","cat":284624},{"id":207140,"n":"Serviettes hygiéniques Always Ultra - Secure night extra- x16","p":4.62,"u":"0,29 €/P","img":"https://fd8-photos.leclercdrive.fr/image.ashx?id=3000878&use=l&cat=p&typeid=i","cat":284624},{"id":207141,"n":"Préservatifs Durex Nude Extra Fins Peau contre Peau x10","p":6.59,"u":"0,66 €/P","img":"https://fd8-photos.leclercdrive.fr/image.ashx?id=2962017&use=l&cat=p&typeid=i","cat":284631},{"id":207142,"n":"Gel Lubrifiant Intime Durex Sensitive base Eau 100ml","p":9.35,"u":"93,50 €/L","img":"https://fd8-photos.leclercdrive.fr/image.ashx?id=2961203&use=l&cat=p&typeid=i","cat":285160},{"id":207149,"n":"Miettes de thon Petit Navire Sauce tomate - 140g","p":2.11,"u":"15,07 €/KG","img":"https://fd8-photos.leclercdrive.fr/image.ashx?id=2881284&use=l&cat=p&typeid=i","cat":303867},{"id":207155,"n":"Cocktail prêt à boire Tails Fruit de la passion 14,9° -50cl","p":15.05,"u":"30,10 €/L","img":"https://fd8-photos.leclercdrive.fr/image.ashx?id=2858273&use=l&cat=p&typeid=i","cat":284551},{"id":207157,"n":"Biscuits La Biscuiterie Delacre Caramel intense - 130g","p":2.7,"u":"20,77 €/KG","img":"https://fd8-photos.leclercdrive.fr/image.ashx?id=2926323&use=l&cat=p&typeid=i","cat":284490},{"id":207158,"n":"Biscuits La Biscuiterie Delacre Sablés chocolat Noir - 130g","p":2.65,"u":"20,38 €/KG","img":"https://fd8-photos.leclercdrive.fr/image.ashx?id=2674092&use=l&cat=p&typeid=i","cat":284490},{"id":207173,"n":"Sauce nems Tanoshi 150ml","p":1.28,"u":"8,53 €/L","img":"https://fd8-photos.leclercdrive.fr/image.ashx?id=2921615&use=l&cat=p&typeid=i","cat":288992},{"id":207175,"n":"Kit bobun Tanoshi 485g","p":5.39,"u":"11,11 €/KG","img":"https://fd8-photos.leclercdrive.fr/image.ashx?id=2850910&use=l&cat=p&typeid=i","cat":288992},{"id":207181,"n":"Sucre Saint Louis Spécial Espresso - 1kg","p":2.29,"u":"2,29 €/KG","img":"https://fd8-photos.leclercdrive.fr/image.ashx?id=2521413&use=l&cat=p&typeid=i","cat":284502},{"id":207184,"n":"Compotes Pom'Potes Pomme, Pomme brugnon - 96x90g","p":32.14,"u":"3,72 €/KG","img":"https://fd8-photos.leclercdrive.fr/image.ashx?id=2918547&use=l&cat=p&typeid=i","cat":284508},{"id":207198,"n":"Recharge lessive liquide  Rainette Aloe vera - 1.6L","p":5.99,"u":"3,74 €/L","img":"https://fd8-photos.leclercdrive.fr/image.ashx?id=2858684&use=l&cat=p&typeid=i","cat":284640},{"id":207199,"n":"Recharge lessive liquide  Rainett Savon de Marseille 1.6L","p":6.95,"u":"4,34 €/L","img":"https://fd8-photos.leclercdrive.fr/image.ashx?id=2842129&use=l&cat=p&typeid=i","cat":284640},{"id":207226,"n":"Bâtonnet Magnum Mini Double Caramel x6 - 282g","p":3.2,"u":"11,35 €/KG","img":"https://fd8-photos.leclercdrive.fr/image.ashx?id=2805648&use=l&cat=p&typeid=i","cat":284265},{"id":207227,"n":"Bâtonnets Magnum Mini Deluxe Double Chocolat - x6 - 285g","p":4.29,"u":"15,05 €/KG","img":"https://fd8-photos.leclercdrive.fr/image.ashx?id=2849361&use=l&cat=p&typeid=i","cat":284265},{"id":207238,"n":"Liqueur Whisky Fireball - 70cl 33% vol.","p":19.5,"u":"27,86 €/L","img":"https://fd8-photos.leclercdrive.fr/image.ashx?id=2531649&use=l&cat=p&typeid=i","cat":286032},{"id":207244,"n":"Bière Framboise Hibiscus Sans Alcool Tourtel Twist 3x27,5cl","p":2.25,"u":"8,18 €/L","img":"https://fd8-photos.leclercdrive.fr/image.ashx?id=2522692&use=l&cat=p&typeid=i","cat":334877},{"id":207246,"n":"Bière au jus de pêche blanche thé vert Tourtel Twist 27,5cl","p":2.25,"u":"8,18 €/L","img":"https://fd8-photos.leclercdrive.fr/image.ashx?id=2522689&use=l&cat=p&typeid=i","cat":334877},{"id":207262,"n":"Capsules Nescafé Dolce Gusto  Grande - x16","p":4.97,"u":"36,54 €/KG","img":"https://fd8-photos.leclercdrive.fr/image.ashx?id=2964153&use=l&cat=p&typeid=i","cat":293239},{"id":207307,"n":"Culotte Feel Natural Taille S","p":16.49,"img":"https://fd8-photos.leclercdrive.fr/image.ashx?id=2795246&use=l&cat=p&typeid=i","cat":284624},{"id":207311,"n":"Culotte Feel Natural Menstruelle - Taille M","p":16.49,"img":"https://fd8-photos.leclercdrive.fr/image.ashx?id=2795249&use=l&cat=p&typeid=i","cat":284624},{"id":207319,"n":"Culotte Feel Natural Menstruelle-détachable-Taille S","p":14.24,"img":"https://fd8-photos.leclercdrive.fr/image.ashx?id=2525165&use=l&cat=p&typeid=i","cat":284624},{"id":207321,"n":"Culotte Feel Natural Menstruelle-détachable-Taille M","p":14.24,"img":"https://fd8-photos.leclercdrive.fr/image.ashx?id=2525168&use=l&cat=p&typeid=i","cat":284624},{"id":207392,"n":"Cornichon Français Hugo Vinaigre - 360g","p":6.89,"u":"19,14 €/KG","img":"https://fd8-photos.leclercdrive.fr/image.ashx?id=2524380&use=l&cat=p&typeid=i","cat":284458},{"id":207396,"n":"Galettes moelleuses St Michel Marbrée Chocolat - 180g","p":2.12,"u":"11,78 €/KG","img":"https://fd8-photos.leclercdrive.fr/image.ashx?id=2936263&use=l&cat=p&typeid=i","cat":284487},{"id":207401,"n":"Adoucissant Soupline  Éclat de Fraîcheur - 28p","p":6.35,"u":"0,23 €/P","img":"https://fd8-photos.leclercdrive.fr/image.ashx?id=2583509&use=l&cat=p&typeid=i","cat":284650},{"id":207402,"n":"Adoucissant Soupline  Hypoallergénique - 28p","p":5.06,"u":"0,18 €/P","img":"https://fd8-photos.leclercdrive.fr/image.ashx?id=2818827&use=l&cat=p&typeid=i","cat":284650},{"id":207403,"n":"Adoucissant Soupline Lavande - x28 tablettes","p":5.06,"u":"0,18 €/P","img":"https://fd8-photos.leclercdrive.fr/image.ashx?id=2583515&use=l&cat=p&typeid=i","cat":284650},{"id":207424,"n":"Serviettes hygiéniques Coton Normales 16 pièces","p":5.19,"img":"https://fd8-photos.leclercdrive.fr/image.ashx?id=2884117&use=l&cat=p&typeid=i","cat":284624},{"id":207431,"n":"Arrangé Damoiseau Coco 30D - 70cl","p":32.15,"u":"45,93 €/L","img":"https://fd8-photos.leclercdrive.fr/image.ashx?id=2524691&use=l&cat=p&typeid=i","cat":284551},{"id":207438,"n":"Complément alimentaire Juvamine Passiflore 30 comprimés","p":5.59,"u":"0,19 €/P","img":"https://fd8-photos.leclercdrive.fr/image.ashx?id=2744719&use=l&cat=p&typeid=i","cat":313217},{"id":207450,"n":"Capsules Nescafé Dolce Gusto  Grande Intenso - x16","p":5.2,"u":"39,39 €/KG","img":"https://fd8-photos.leclercdrive.fr/image.ashx?id=2525962&use=l&cat=p&typeid=i","cat":293239},{"id":207467,"n":"Moutarde Forte Amora 430g","p":1.53,"u":"3,56 €/KG","img":"https://fd8-photos.leclercdrive.fr/image.ashx?id=2526079&use=l&cat=p&typeid=i","cat":288850},{"id":207469,"n":"Moutarde Forte Amora 185g","p":1.66,"u":"8,97 €/KG","img":"https://fd8-photos.leclercdrive.fr/image.ashx?id=2526082&use=l&cat=p&typeid=i","cat":288850},{"id":207471,"n":"Moutarde Mi-forte Amora 415g","p":1.26,"u":"3,04 €/KG","img":"https://fd8-photos.leclercdrive.fr/image.ashx?id=2993176&use=l&cat=p&typeid=i","cat":288850},{"id":207476,"n":"Moutarde de Dijon Fine MAILLE L'Original Bocal - 360g","p":1.52,"u":"4,22 €/KG","img":"https://fd8-photos.leclercdrive.fr/image.ashx?id=2945841&use=l&cat=p&typeid=i","cat":288850},{"id":207478,"n":"Moutarde à l'Ancienne MAILLE Bocal - 360g","p":2.75,"u":"7,64 €/KG","img":"https://fd8-photos.leclercdrive.fr/image.ashx?id=2664307&use=l&cat=p&typeid=i","cat":288850},{"id":207479,"n":"Bière Ninkasi Blanche Flower 75cl","p":4.22,"u":"5,63 €/L","img":"https://fd8-photos.leclercdrive.fr/image.ashx?id=2525189&use=l&cat=p&typeid=i","cat":334872},{"id":207480,"n":"Crème glacée La Laitière Caramel Beurre salé - 490g","p":3.24,"pp":2.27,"u":"4,63 €/KG","img":"https://fd8-photos.leclercdrive.fr/image.ashx?id=2877883&use=l&cat=p&typeid=i","cat":284263},{"id":207481,"n":"Bâtonnets de glace Nuii Chocolat et noisettes - 272g","p":4.27,"u":"15,70 €/KG","img":"https://fd8-photos.leclercdrive.fr/image.ashx?id=2525546&use=l&cat=p&typeid=i","cat":284265},{"id":207489,"n":"Pizza Feu de bois Turini Saisonnière - 450g","p":2.99,"u":"6,64 €/KG","img":"https://fd8-photos.leclercdrive.fr/image.ashx?id=2816618&use=l&cat=p&typeid=i","cat":284256},{"id":207491,"n":"Cône Extrême Nestle Coco  Mangue - x6 - 414g","p":3.22,"u":"7,78 €/KG","img":"https://fd8-photos.leclercdrive.fr/image.ashx?id=2844579&use=l&cat=p&typeid=i","cat":284264},{"id":207492,"n":"Crème glacée La Laitière Vanille pécan - 490g","p":3.24,"pp":2.27,"u":"4,63 €/KG","img":"https://fd8-photos.leclercdrive.fr/image.ashx?id=3000015&use=l&cat=p&typeid=i","cat":284263},{"id":207507,"n":"Piles Boutons Lithium Duracell CR 2430 - x2","p":7.64,"img":"https://fd8-photos.leclercdrive.fr/image.ashx?id=2525396&use=l&cat=p&typeid=i","cat":300572},{"id":207508,"n":"Piles Boutons Lithium Duracell CR 2450 - x2","p":2.58,"img":"https://fd8-photos.leclercdrive.fr/image.ashx?id=2594542&use=l&cat=p&typeid=i","cat":300572},{"id":207528,"n":"Lessive liquide L'Arbre Vert Peaux sensibles - x34 - 1.53L","p":7.45,"u":"4,87 €/L","img":"https://fd8-photos.leclercdrive.fr/image.ashx?id=3008536&use=l&cat=p&typeid=i","cat":284640},{"id":207529,"n":"Recharge lessive L'Arbre Vert Peaux sensibles - x34 - 1.53L","p":6.55,"u":"4,28 €/L","img":"https://fd8-photos.leclercdrive.fr/image.ashx?id=2680212&use=l&cat=p&typeid=i","cat":284640},{"id":207530,"n":"Vaisselle mains L'Arbre Vert Peaux sensibles - 750ml","p":1.85,"u":"2,47 €/L","img":"https://fd8-photos.leclercdrive.fr/image.ashx?id=2850575&use=l&cat=p&typeid=i","cat":284655},{"id":207531,"n":"Serviettes hygiéniques Always Ultra - Normal - x30","p":5.05,"img":"https://fd8-photos.leclercdrive.fr/image.ashx?id=2846496&use=l&cat=p&typeid=i","cat":284624},{"id":207533,"n":"Préservatifs Durex Feeling  Extra Fins Extra Lubrifiés x12","p":6.89,"img":"https://fd8-photos.leclercdrive.fr/image.ashx?id=2962014&use=l&cat=p&typeid=i","cat":284631},{"id":207535,"n":"Préservatifs Durex Classic Jeans Confort et Confiance  x12","p":8.28,"img":"https://fd8-photos.leclercdrive.fr/image.ashx?id=2730475&use=l&cat=p&typeid=i","cat":284631},{"id":207536,"n":"Préservatifs Durex Nude Sans Latex Extra Lubrifié x10","p":8.19,"img":"https://fd8-photos.leclercdrive.fr/image.ashx?id=2730478&use=l&cat=p&typeid=i","cat":284631},{"id":207537,"n":"Culotte dentelle Menstruelle - Taille L","p":16.49,"img":"https://fd8-photos.leclercdrive.fr/image.ashx?id=2795252&use=l&cat=p&typeid=i","cat":284624},{"id":207538,"n":"Culotte détachable Feel Natural Menstruelle - Taille L","p":14.24,"img":"https://fd8-photos.leclercdrive.fr/image.ashx?id=2527058&use=l&cat=p&typeid=i","cat":284624},{"id":207540,"n":"Croûtons Tipiak Ail - 75g","p":1.05,"u":"14,00 €/KG","img":"https://fd8-photos.leclercdrive.fr/image.ashx?id=2684461&use=l&cat=p&typeid=i","cat":284464},{"id":207543,"n":"Bandes de cire froide Expert Veet Corps Peaux sèches x40","p":11.55,"u":"0,29 €/P","img":"https://fd8-photos.leclercdrive.fr/image.ashx?id=2970786&use=l&cat=p&typeid=i","cat":null},{"id":207550,"n":"Shampooing Head & Shoulders Pure intense - 250ml","p":6.09,"u":"24,36 €/L","img":"https://fd8-photos.leclercdrive.fr/image.ashx?id=2527133&use=l&cat=p&typeid=i","cat":284606},{"id":207551,"n":"Dentifrice Naturals Aquafresh Blancheur charbon - 75ml","p":1.94,"u":"25,87 €/L","img":"https://fd8-photos.leclercdrive.fr/image.ashx?id=2527079&use=l&cat=p&typeid=i","cat":284612},{"id":207555,"n":"Serviettes hygiéniques Always Ultra - Normal - x34","p":4.86,"u":"0,14 €/P","img":"https://fd8-photos.leclercdrive.fr/image.ashx?id=2866118&use=l&cat=p&typeid=i","cat":284624},{"id":207559,"n":"Préservatifs Durex Pleasure me Perlés et Nervurés x12","p":8.39,"u":"0,70 €/P","img":"https://fd8-photos.leclercdrive.fr/image.ashx?id=2730466&use=l&cat=p&typeid=i","cat":284631},{"id":207561,"n":"Recharge Savon Mains Dettol Miel et Beurre de Karité 250ml","p":3.49,"u":"13,96 €/L","img":"https://fd8-photos.leclercdrive.fr/image.ashx?id=2971751&use=l&cat=p&typeid=i","cat":284597},{"id":207588,"n":"Soupe de nouilles Oyakata Ramen miso et legumes - 89g","p":1.26,"u":"14,16 €/KG","img":"https://fd8-photos.leclercdrive.fr/image.ashx?id=2537252&use=l&cat=p&typeid=i","cat":288992},{"id":207590,"n":"Soupe de nouilles Oyakata Poulet Shio - 83g","p":1.03,"u":"12,41 €/KG","img":"https://fd8-photos.leclercdrive.fr/image.ashx?id=2536167&use=l&cat=p&typeid=i","cat":288992},{"id":207591,"n":"Soupe de nouilles Oyakata Sauce soja - 83g","p":1.03,"u":"12,41 €/KG","img":"https://fd8-photos.leclercdrive.fr/image.ashx?id=2536170&use=l&cat=p&typeid=i","cat":288992},{"id":207592,"n":"Fusilli Di Canossa Sauce carbonara - 70g","p":1.36,"u":"19,43 €/KG","img":"https://fd8-photos.leclercdrive.fr/image.ashx?id=2854789&use=l&cat=p&typeid=i","cat":289010},{"id":207607,"n":"Dentifrice Elmex Anti-caries - 75ml","p":4.65,"u":"62,00 €/L","img":"https://fd8-photos.leclercdrive.fr/image.ashx?id=2721184&use=l&cat=p&typeid=i","cat":284612},{"id":207613,"n":"Bandes extensibles Mercurochrome - x3","p":2.08,"u":"86,67 €/KG","img":"https://fd8-photos.leclercdrive.fr/image.ashx?id=2921531&use=l&cat=p&typeid=i","cat":284630},{"id":207621,"n":"Carrés démaquillant Feel Natural - +Filet de lavage - x6","p":8.69,"img":"https://fd8-photos.leclercdrive.fr/image.ashx?id=2528066&use=l&cat=p&typeid=i","cat":285593},{"id":207622,"n":"Culotte Dentelle Feel Natural Menstruelle - Taille XS","p":16.49,"img":"https://fd8-photos.leclercdrive.fr/image.ashx?id=2795243&use=l&cat=p&typeid=i","cat":284624},{"id":207623,"n":"Culotte détachable Feel Natural Menstruelle - Taille XS","p":14.24,"img":"https://fd8-photos.leclercdrive.fr/image.ashx?id=2528072&use=l&cat=p&typeid=i","cat":284624},{"id":207624,"n":"Culotte détachable Menstruelle - Taille XL","p":14.24,"img":"https://fd8-photos.leclercdrive.fr/image.ashx?id=2528075&use=l&cat=p&typeid=i","cat":284624},{"id":207627,"n":"ST MARC Pistolet Antibactérien - 750ml","p":2.49,"u":"3,32 €/L","img":"https://fd8-photos.leclercdrive.fr/image.ashx?id=2528054&use=l&cat=p&typeid=i","cat":325357},{"id":207637,"n":"Calculatrice Fx-92 Casio Collège - Classwiz - x1","p":20.36,"u":"Dont 0,02 € d'éco-part.","img":"https://fd8-photos.leclercdrive.fr/image.ashx?id=2544915&use=l&cat=p&typeid=i","cat":334133},{"id":207655,"n":"Craies blanches Colart x10","p":0.7,"img":"https://fd8-photos.leclercdrive.fr/image.ashx?id=2553392&use=l&cat=p&typeid=i","cat":334133},{"id":207670,"n":"Rouleau à peindre Colart x1","p":2.59,"img":"https://fd8-photos.leclercdrive.fr/image.ashx?id=2553995&use=l&cat=p&typeid=i","cat":334133},{"id":208003,"n":"Feutre Intensity Bic Medium - x12","p":8.62,"img":"https://fd8-photos.leclercdrive.fr/image.ashx?id=2527634&use=l&cat=p&typeid=i","cat":284696},{"id":208004,"n":"Marqueur permanent Bic Marking Colour Intense - x12","p":11.93,"img":"https://fd8-photos.leclercdrive.fr/image.ashx?id=2527619&use=l&cat=p&typeid=i","cat":284696},{"id":208012,"n":"Feutre Intensity Fun Bic x4","p":3.49,"img":"https://fd8-photos.leclercdrive.fr/image.ashx?id=2527616&use=l&cat=p&typeid=i","cat":284696},{"id":208013,"n":"Marqueur Bic Marking colour Intense - x5","p":5.4,"img":"https://fd8-photos.leclercdrive.fr/image.ashx?id=2665253&use=l&cat=p&typeid=i","cat":284696},{"id":208015,"n":"Feutres Intensity Bic x6","p":9.71,"img":"https://fd8-photos.leclercdrive.fr/image.ashx?id=2527622&use=l&cat=p&typeid=i","cat":284696},{"id":208016,"n":"Feutres Intensity Bic Pastel - x6","p":5.03,"img":"https://fd8-photos.leclercdrive.fr/image.ashx?id=2665250&use=l&cat=p&typeid=i","cat":284696},{"id":208021,"n":"Equerre géométrique Bic x1","p":3.7,"img":"https://fd8-photos.leclercdrive.fr/image.ashx?id=2527661&use=l&cat=p&typeid=i","cat":334133},{"id":208038,"n":"Feutres Intensity Dual Tip Bic x6","p":5.87,"img":"https://fd8-photos.leclercdrive.fr/image.ashx?id=2527640&use=l&cat=p&typeid=i","cat":284696},{"id":208107,"n":"Classeur Sonic x1","p":5.96,"img":"https://fd8-photos.leclercdrive.fr/image.ashx?id=2531509&use=l&cat=p&typeid=i","cat":284745},{"id":208257,"n":"Arcens Eau des Monts d'Ardeche Finement Petillante 1L","p":0.49,"u":"0,49 €/L","img":"https://fd8-photos.leclercdrive.fr/image.ashx?id=2528898&use=l&cat=p&typeid=i","cat":284536},{"id":208258,"n":"Arcens Eau des Monts d'Ardeche Finement Petillante 1L","p":0.34,"u":"0,34 €/L","img":"https://fd8-photos.leclercdrive.fr/image.ashx?id=2528901&use=l&cat=p&typeid=i","cat":284536},{"id":208259,"n":"Arcens Eau des Monts d'Ardeche Finement Petillante 1L","p":0.34,"u":"0,34 €/L","img":"https://fd8-photos.leclercdrive.fr/image.ashx?id=2528904&use=l&cat=p&typeid=i","cat":284536},{"id":208260,"n":"Arcens Eau des Monts d'Ardeche  Finement Petillante 1L","p":0.34,"u":"0,34 €/L","img":"https://fd8-photos.leclercdrive.fr/image.ashx?id=2528907&use=l&cat=p&typeid=i","cat":284536},{"id":208271,"n":"Capsules café L'Or Espresso Forza N°9 x50","p":13.79,"u":"53,04 €/KG","img":"https://fd8-photos.leclercdrive.fr/image.ashx?id=3000471&use=l&cat=p&typeid=i","cat":284749},{"id":208273,"n":"Doc Prosecco Vilaveroni Blanc Brut 150cl","p":13.18,"u":"8,79 €/L","img":"https://fd8-photos.leclercdrive.fr/image.ashx?id=2540499&use=l&cat=p&typeid=i","cat":289461},{"id":208274,"n":"S.Pellegrino Eau Minerale  Naturelle Gazeuse 6X33cl","p":3.37,"u":"1,70 €/L","img":"https://fd8-photos.leclercdrive.fr/image.ashx?id=2868578&use=l&cat=p&typeid=i","cat":284536},{"id":208275,"n":"S.Pellegrino Essenza Saveur Pamplemousse Rose & Agrume 33cl","p":3.36,"u":"10,18 €/L","img":"https://fd8-photos.leclercdrive.fr/image.ashx?id=2828889&use=l&cat=p&typeid=i","cat":284536},{"id":208288,"n":"100% Pur Jus Tropicana Samba Goyave Ananas Citron Vert 1L","p":3.01,"u":"3,01 €/L","img":"https://fd8-photos.leclercdrive.fr/image.ashx?id=2586678&use=l&cat=p&typeid=i","cat":284916},{"id":208291,"n":"Lessive Liquide en Capsule Protection des Fibres 20 Doses","p":15.25,"u":"34,35 €/KG","img":"https://fd8-photos.leclercdrive.fr/image.ashx?id=2529426&use=l&cat=p&typeid=i","cat":284641},{"id":208295,"n":"Dash Tout en 1 Pods Capsule Peaux Sensibles 30D","p":15.29,"u":"26,27 €/KG","img":"https://fd8-photos.leclercdrive.fr/image.ashx?id=2560200&use=l&cat=p&typeid=i","cat":284641},{"id":208341,"n":"Schwarzkopf Oleo Coloration  Blond Très Clair 9-1","p":10.49,"img":"https://fd8-photos.leclercdrive.fr/image.ashx?id=2539800&use=l&cat=p&typeid=i","cat":288899},{"id":208385,"n":"Capsules café L'Or Espresso Delizioso N°5 x50","p":13.68,"u":"52,62 €/KG","img":"https://fd8-photos.leclercdrive.fr/image.ashx?id=2788064&use=l&cat=p&typeid=i","cat":284749},{"id":208417,"n":"Capsules café L'Or Espresso Ristretto N°11 x50","p":13.68,"u":"52,62 €/KG","img":"https://fd8-photos.leclercdrive.fr/image.ashx?id=3000474&use=l&cat=p&typeid=i","cat":284749},{"id":208421,"n":"Infusion fruits rouges Elephant Touche de menthe - 40g","p":2.8,"u":"70,00 €/KG","img":"https://fd8-photos.leclercdrive.fr/image.ashx?id=2813104&use=l&cat=p&typeid=i","cat":293234},{"id":208426,"n":"Infusion Eléphant Tilleul Citron  - x20 - 28g","p":2.86,"u":"102,14 €/KG","img":"https://fd8-photos.leclercdrive.fr/image.ashx?id=2530284&use=l&cat=p&typeid=i","cat":293234},{"id":208477,"n":"Chips paysanne Lay's Saveur Fromage du Jura - 120g","p":1.37,"u":"11,42 €/KG","img":"https://fd8-photos.leclercdrive.fr/image.ashx?id=2810774&use=l&cat=p&typeid=i","cat":284447},{"id":208484,"n":"Chips paysanne Lay's Saveur Oignon de Roscoff - 120g","p":1.37,"u":"11,42 €/KG","img":"https://fd8-photos.leclercdrive.fr/image.ashx?id=2810777&use=l&cat=p&typeid=i","cat":284447},{"id":208485,"n":"Chips paysanne Lay's Saveur Fromage Frais- 120g","p":1.37,"u":"11,42 €/KG","img":"https://fd8-photos.leclercdrive.fr/image.ashx?id=2810780&use=l&cat=p&typeid=i","cat":284447},{"id":208499,"n":"Eau plate aromatisée Vittel Pêche - 75cl","p":0.86,"u":"1,15 €/L","img":"https://fd8-photos.leclercdrive.fr/image.ashx?id=2849352&use=l&cat=p&typeid=i","cat":284537},{"id":208580,"n":"Frites Pom Bistro au Piment d'Espelette - 500g","p":2.91,"u":"5,82 €/KG","img":"https://fd8-photos.leclercdrive.fr/image.ashx?id=2532069&use=l&cat=p&typeid=i","cat":319791},{"id":208612,"n":"Crêpes Côté Table  Chèvre Lardons x6 - 300g","p":1.89,"u":"6,30 €/KG","img":"https://fd8-photos.leclercdrive.fr/image.ashx?id=2531235&use=l&cat=p&typeid=i","cat":319776},{"id":208616,"n":"Biscuits Bonne Maman La pause choco - 235g","p":2.86,"u":"12,17 €/KG","img":"https://fd8-photos.leclercdrive.fr/image.ashx?id=2533022&use=l&cat=p&typeid=i","cat":284488},{"id":208632,"n":"Crème glacée La Laitière Crème brulée - 490g","p":3.24,"pp":2.27,"u":"4,63 €/KG","img":"https://fd8-photos.leclercdrive.fr/image.ashx?id=2877880&use=l&cat=p&typeid=i","cat":284263},{"id":208633,"n":"Compotes Pom'Potes Gourdes  Pomme Brugnon - 4x90g","p":1.81,"u":"5,03 €/KG","img":"https://fd8-photos.leclercdrive.fr/image.ashx?id=3010903&use=l&cat=p&typeid=i","cat":284508},{"id":208636,"n":"Purée Mousline Crème et noix de muscade - 500g","p":3.29,"u":"6,58 €/KG","img":"https://fd8-photos.leclercdrive.fr/image.ashx?id=3011728&use=l&cat=p&typeid=i","cat":284431},{"id":208638,"n":"Purée Mousline x3 sachets - 195g","p":1.49,"u":"7,64 €/KG","img":"https://fd8-photos.leclercdrive.fr/image.ashx?id=3004414&use=l&cat=p&typeid=i","cat":284431},{"id":208642,"n":"Purée Mousline x4 - 520g","p":2.73,"u":"5,25 €/KG","img":"https://fd8-photos.leclercdrive.fr/image.ashx?id=3011734&use=l&cat=p&typeid=i","cat":284431},{"id":208651,"n":"Purée Mousline  x8 - 1.04 kg","p":4.44,"u":"4,27 €/KG","img":"https://fd8-photos.leclercdrive.fr/image.ashx?id=2986780&use=l&cat=p&typeid=i","cat":284431},{"id":208658,"n":"Biscuit P'tit Deli Chocolat lait blanc - 150g","p":1.75,"u":"11,67 €/KG","img":"https://fd8-photos.leclercdrive.fr/image.ashx?id=2684835&use=l&cat=p&typeid=i","cat":284488},{"id":208747,"n":"Café en grains L'OR Brésil 100% Arabica N° 5 900g","p":20.05,"u":"22,28 €/KG","img":"https://fd8-photos.leclercdrive.fr/image.ashx?id=2851348&use=l&cat=p&typeid=i","cat":293237},{"id":208749,"n":"Riz long grain 10 min Lustucru  x5 - 900g","p":2.44,"u":"2,71 €/KG","img":"https://fd8-photos.leclercdrive.fr/image.ashx?id=2963739&use=l&cat=p&typeid=i","cat":284428},{"id":208750,"n":"Purée Mousline x3 - 375g","p":2.27,"u":"6,05 €/KG","img":"https://fd8-photos.leclercdrive.fr/image.ashx?id=2940135&use=l&cat=p&typeid=i","cat":284431},{"id":208751,"n":"Riz long grain 10 min Lustucru x5 - 450g","p":1.55,"u":"3,44 €/KG","img":"https://fd8-photos.leclercdrive.fr/image.ashx?id=2955830&use=l&cat=p&typeid=i","cat":284428},{"id":208758,"n":"Compotes Pom'Potes Gourdes  Vitaminés Multivitamin - 12x90g","p":6.48,"u":"6,00 €/KG","img":"https://fd8-photos.leclercdrive.fr/image.ashx?id=3010951&use=l&cat=p&typeid=i","cat":284508},{"id":208759,"n":"Purée Mousline  Presse purée - 375g","p":2.99,"u":"7,97 €/KG","img":"https://fd8-photos.leclercdrive.fr/image.ashx?id=2940117&use=l&cat=p&typeid=i","cat":284431},{"id":208761,"n":"Purée Mousline x4 - 125g","p":1.26,"u":"10,08 €/KG","img":"https://fd8-photos.leclercdrive.fr/image.ashx?id=2940126&use=l&cat=p&typeid=i","cat":284431},{"id":208764,"n":"Gel douche Sanex Natural Prebiotic hydratant - 700ml","p":4.57,"u":"6,53 €/L","img":"https://fd8-photos.leclercdrive.fr/image.ashx?id=2802842&use=l&cat=p&typeid=i","cat":284594},{"id":208766,"n":"Gel douche Sanex Natural Prebiotic - Protection - 700ml","p":4.57,"u":"6,53 €/L","img":"https://fd8-photos.leclercdrive.fr/image.ashx?id=2533145&use=l&cat=p&typeid=i","cat":284594},{"id":208772,"n":"Gel douche Sanex Natural Prebiotic - Sensitive - 425ml","p":4.74,"u":"11,15 €/L","img":"https://fd8-photos.leclercdrive.fr/image.ashx?id=2757857&use=l&cat=p&typeid=i","cat":284594},{"id":208774,"n":"Crème corps nourrissante Mixa Peaux extra sèches - 400ml","p":3.46,"u":"8,65 €/L","img":"https://fd8-photos.leclercdrive.fr/image.ashx?id=2533862&use=l&cat=p&typeid=i","cat":325350},{"id":208776,"n":"Gel douche Tahiti Vanille et huile de coco 250ml","p":2.35,"u":"9,40 €/L","img":"https://fd8-photos.leclercdrive.fr/image.ashx?id=2533130&use=l&cat=p&typeid=i","cat":284594},{"id":208786,"n":"Thé glacé Lipton Ice Tea Pêche La bouteille de 1.25L","p":1.48,"u":"1,18 €/L","img":"https://fd8-photos.leclercdrive.fr/image.ashx?id=2731567&use=l&cat=p&typeid=i","cat":295019},{"id":208788,"n":"Thé glacé Lipton Ice Tea Pêche  Sans sucres bouteille de 1.25L","p":1.65,"u":"1,32 €/L","img":"https://fd8-photos.leclercdrive.fr/image.ashx?id=2731570&use=l&cat=p&typeid=i","cat":295019},{"id":208806,"n":"Grilletine blé complet Pasquier Sans sucre ajouté - 255g","p":2.75,"u":"10,78 €/KG","img":"https://fd8-photos.leclercdrive.fr/image.ashx?id=2533559&use=l&cat=p&typeid=i","cat":284479},{"id":208855,"n":"Brosse à dent Colgate Deep Clean - Souple - x1","p":3.89,"img":"https://fd8-photos.leclercdrive.fr/image.ashx?id=2968938&use=l&cat=p&typeid=i","cat":284614},{"id":208857,"n":"Soin Revitalisant L'Oréal Paris Men Expert Anti-Âge - 50ml","p":10.99,"u":"219,80 €/L","img":"https://fd8-photos.leclercdrive.fr/image.ashx?id=3008776&use=l&cat=p&typeid=i","cat":284622},{"id":208865,"n":"Spray nasal Prorhinel Aloe Vera - Enfant/Adulte 100ml","p":5.79,"u":"57,90 €/L","img":"https://fd8-photos.leclercdrive.fr/image.ashx?id=2917861&use=l&cat=p&typeid=i","cat":284630},{"id":208867,"n":"Serum physiologique Prorhinel 30x5ml","p":3.33,"u":"22,20 €/L","img":"https://fd8-photos.leclercdrive.fr/image.ashx?id=2878303&use=l&cat=p&typeid=i","cat":284741},{"id":208901,"n":"Les Macarons Incontournables x10 - 140g","p":8.01,"u":"57,21 €/KG","img":"https://fd8-photos.leclercdrive.fr/image.ashx?id=2992245&use=l&cat=p&typeid=i","cat":284267},{"id":208903,"n":"Les Macarons Fantastiques Fruitiers x10 -  140g","p":7.71,"u":"55,07 €/KG","img":"https://fd8-photos.leclercdrive.fr/image.ashx?id=2992248&use=l&cat=p&typeid=i","cat":284267},{"id":209054,"n":"Wraps Old El Paso Extra fins x6 - 192g","p":2.19,"u":"11,41 €/KG","img":"https://fd8-photos.leclercdrive.fr/image.ashx?id=2737693&use=l&cat=p&typeid=i","cat":288993},{"id":209056,"n":"Vinaigre de riz Tanoshi - bouteille de 360ml","p":4.69,"u":"13,03 €/L","img":"https://fd8-photos.leclercdrive.fr/image.ashx?id=2906214&use=l&cat=p&typeid=i","cat":288992},{"id":209057,"n":"Céréales bébé P'TITE CEREALE chocolat biscuit 12M+ - 415g","p":3.45,"u":"8,31 €/KG","img":"https://fd8-photos.leclercdrive.fr/image.ashx?id=2537303&use=l&cat=p&typeid=i","cat":312225},{"id":209059,"n":"P'tite céréale Nestlé Noisettes Biscuit - 12M+ - 415g","p":2.68,"u":"6,46 €/KG","img":"https://fd8-photos.leclercdrive.fr/image.ashx?id=2679389&use=l&cat=p&typeid=i","cat":312225},{"id":209060,"n":"Chips nature Lay's Sel - 6x25g","p":1.99,"u":"13,27 €/KG","img":"https://fd8-photos.leclercdrive.fr/image.ashx?id=3011143&use=l&cat=p&typeid=i","cat":284447},{"id":209064,"n":"Céréales bébé BABICAO Cacao 10M+ - 400g","p":3.75,"u":"9,38 €/KG","img":"https://fd8-photos.leclercdrive.fr/image.ashx?id=2537294&use=l&cat=p&typeid=i","cat":312225},{"id":209066,"n":"Céréales bébé P'TITE CEREALE Vanille Biscuit 12M+ - 415g","p":3.45,"u":"8,31 €/KG","img":"https://fd8-photos.leclercdrive.fr/image.ashx?id=2537297&use=l&cat=p&typeid=i","cat":312225},{"id":209093,"n":"Adoucissant Soupline Magnolia & lavande - x60 1.28L","p":6.45,"u":"4,96 €/L","img":"https://fd8-photos.leclercdrive.fr/image.ashx?id=2832569&use=l&cat=p&typeid=i","cat":284650},{"id":209094,"n":"Adoucissant Soupline Concentré Mandarine Vanille x60 - 1.28ml","p":6.17,"u":"4,82 €/L","img":"https://fd8-photos.leclercdrive.fr/image.ashx?id=2832572&use=l&cat=p&typeid=i","cat":284650},{"id":209113,"n":"Pâtes Collezione Barilla Farfalle Generose - 500g","p":1.95,"u":"3,90 €/KG","img":"https://fd8-photos.leclercdrive.fr/image.ashx?id=2654122&use=l&cat=p&typeid=i","cat":284427},{"id":209154,"n":"Compotes Pom'Potes  Assortiment x64 - 5.76kg","p":28.39,"u":"4,93 €/KG","img":"https://fd8-photos.leclercdrive.fr/image.ashx?id=2977261&use=l&cat=p&typeid=i","cat":284508},{"id":209159,"n":"Capsules lave-vaisselle Finish  Ultimate Plus - x25","p":10.32,"u":"33,84 €/KG","img":"https://fd8-photos.leclercdrive.fr/image.ashx?id=2749398&use=l&cat=p&typeid=i","cat":284656},{"id":209179,"n":"Crème dépilatoire Expert Veet Bikini Maillot Intégral 200ml","p":10.75,"u":"107,50 €/L","img":"https://fd8-photos.leclercdrive.fr/image.ashx?id=2964968&use=l&cat=p&typeid=i","cat":325351},{"id":209182,"n":"Rasoir Gillette Labs Neon Night Edition - 1 rasoir + 1 lame","p":27.64,"img":"https://fd8-photos.leclercdrive.fr/image.ashx?id=2891740&use=l&cat=p&typeid=i","cat":284616},{"id":209196,"n":"Pur jus Tropicana Réveil fruité - 90cl","p":3.05,"u":"3,39 €/L","img":"https://fd8-photos.leclercdrive.fr/image.ashx?id=2538431&use=l&cat=p&typeid=i","cat":285435},{"id":209208,"n":"Sauce soja Suzi Wan Sucrée - 135ml","p":2.08,"u":"15,41 €/KG","img":"https://fd8-photos.leclercdrive.fr/image.ashx?id=2892931&use=l&cat=p&typeid=i","cat":288992},{"id":209209,"n":"Sauce soja Suzi Wan 250ml","p":3.05,"u":"12,20 €/L","img":"https://fd8-photos.leclercdrive.fr/image.ashx?id=2990880&use=l&cat=p&typeid=i","cat":288992},{"id":209241,"n":"Mélange de noix non salées Vico Avec raisins secs - 180g","p":2.8,"u":"15,56 €/KG","img":"https://fd8-photos.leclercdrive.fr/image.ashx?id=2916893&use=l&cat=p&typeid=i","cat":284448},{"id":209246,"n":"Oignon de France Ducros 42g","p":1.12,"u":"26,67 €/KG","img":"https://fd8-photos.leclercdrive.fr/image.ashx?id=2538593&use=l&cat=p&typeid=i","cat":298297},{"id":209301,"n":"Thé vert glacé Lipton Ice Tea Citron vert menthe - 1.25L","p":1.89,"u":"1,51 €/L","img":"https://fd8-photos.leclercdrive.fr/image.ashx?id=2731579&use=l&cat=p&typeid=i","cat":295019},{"id":209302,"n":"Thé glacé Lipton Ice Tea Citron/citron vert - 1.25L","p":1.79,"u":"1,43 €/L","img":"https://fd8-photos.leclercdrive.fr/image.ashx?id=2731573&use=l&cat=p&typeid=i","cat":295019},{"id":209309,"n":"Thé glacé Lipton Ice Tea Framboise - 1.25L","p":1.79,"u":"1,43 €/L","img":"https://fd8-photos.leclercdrive.fr/image.ashx?id=2731588&use=l&cat=p&typeid=i","cat":295019},{"id":209311,"n":"Thé glacé Lipton Ice Tea Pêche abricot - 1,25L","p":1.52,"u":"1,22 €/L","img":"https://fd8-photos.leclercdrive.fr/image.ashx?id=2731576&use=l&cat=p&typeid=i","cat":295019},{"id":209353,"n":"Ratatouille provençale d'aucy 42,5cl","p":2.39,"u":"6,29 €/KG","img":"https://fd8-photos.leclercdrive.fr/image.ashx?id=2539512&use=l&cat=p&typeid=i","cat":312612},{"id":209354,"n":"Courgettes cuisinées D'Aucy Provencale - 380g","p":2.6,"u":"6,84 €/KG","img":"https://fd8-photos.leclercdrive.fr/image.ashx?id=2570088&use=l&cat=p&typeid=i","cat":312612},{"id":209356,"n":"Curry de pois chiches d'aucy  42,5cl","p":2.36,"u":"6,21 €/KG","img":"https://fd8-photos.leclercdrive.fr/image.ashx?id=2539506&use=l&cat=p&typeid=i","cat":287599},{"id":209357,"n":"Mijote de lentilles d'aucy  42,5cl","p":2.39,"u":"6,29 €/KG","img":"https://fd8-photos.leclercdrive.fr/image.ashx?id=2592219&use=l&cat=p&typeid=i","cat":312612},{"id":209368,"n":"Thé glacé Lipton Ice Tea Pêche La bouteille de 1.75L","p":1.88,"u":"1,07 €/L","img":"https://fd8-photos.leclercdrive.fr/image.ashx?id=2731594&use=l&cat=p&typeid=i","cat":295019},{"id":209371,"n":"Aneth Ducros 13g","p":1.12,"u":"86,15 €/KG","img":"https://fd8-photos.leclercdrive.fr/image.ashx?id=2538599&use=l&cat=p&typeid=i","cat":298297},{"id":209382,"n":"Fromage Persillée Bresse Bleu Le véritable - 140g","p":2.29,"u":"16,36 €/KG","img":"https://fd8-photos.leclercdrive.fr/image.ashx?id=2927483&use=l&cat=p&typeid=i","cat":314032},{"id":209394,"n":"Shampooing Head & Shoulders Pure Intense - 2x250ml","p":10.11,"u":"20,22 €/L","img":"https://fd8-photos.leclercdrive.fr/image.ashx?id=2540079&use=l&cat=p&typeid=i","cat":284606},{"id":209430,"n":"Skyr Danone Citron 0%mg - 2x140g","p":2.47,"u":"8,82 €/KG","img":"https://fd8-photos.leclercdrive.fr/image.ashx?id=2851728&use=l&cat=p&typeid=i","cat":315000},{"id":209431,"n":"Skyr Danone Fraise 0%mg - 2x140g","p":2.45,"u":"8,75 €/KG","img":"https://fd8-photos.leclercdrive.fr/image.ashx?id=2755270&use=l&cat=p&typeid=i","cat":315000},{"id":209432,"n":"Skyr Danone Vanille 0%mg - 2x140g","p":2.45,"u":"8,75 €/KG","img":"https://fd8-photos.leclercdrive.fr/image.ashx?id=2944654&use=l&cat=p&typeid=i","cat":315000},{"id":209439,"n":"Mousse au chocolat protéinée Hipro 0%mg - 200g","p":2.32,"u":"11,60 €/P","img":"https://fd8-photos.leclercdrive.fr/image.ashx?id=2792156&use=l&cat=p&typeid=i","cat":284417},{"id":209444,"n":"Fromage enfant La Vache qui rit Allégée 16P à tartiner - 267g","p":3.15,"u":"11,80 €/KG","img":"https://fd8-photos.leclercdrive.fr/image.ashx?id=2539701&use=l&cat=p&typeid=i","cat":314030},{"id":209464,"n":"Sirop Teisseire citron Bidon mega - 130cl","p":5.25,"u":"4,04 €/L","img":"https://fd8-photos.leclercdrive.fr/image.ashx?id=2539707&use=l&cat=p&typeid=i","cat":295020},{"id":209465,"n":"Sirop Teisseire Ice Tea Pêche Bidon - 60cl","p":3.3,"u":"5,50 €/L","img":"https://fd8-photos.leclercdrive.fr/image.ashx?id=2539710&use=l&cat=p&typeid=i","cat":295020},{"id":209472,"n":"Beurre Paysan Breton Sel de Guérande x20 -200g","p":3.78,"u":"18,90 €/KG","img":"https://fd8-photos.leclercdrive.fr/image.ashx?id=2774562&use=l&cat=p&typeid=i","cat":284379},{"id":209485,"n":"Lessive Liquide Chanteclair Musc Blanc - x80 - 3,6L","p":10.93,"u":"3,04 €/L","img":"https://fd8-photos.leclercdrive.fr/image.ashx?id=2540100&use=l&cat=p&typeid=i","cat":284640},{"id":209491,"n":"Couscous moyen Ferrero sachet -500g","p":1.75,"u":"3,50 €/KG","img":"https://fd8-photos.leclercdrive.fr/image.ashx?id=2869561&use=l&cat=p&typeid=i","cat":284429},{"id":209494,"n":"Salade & Cie Sodebo Roma Jambon Speck - 320g","p":3.35,"u":"10,47 €/KG","img":"https://fd8-photos.leclercdrive.fr/image.ashx?id=2732413&use=l&cat=p&typeid=i","cat":333657},{"id":209495,"n":"Salade & Cie Sodebo Manhattan Poulet rôti - 320g","p":3.15,"u":"9,84 €/KG","img":"https://fd8-photos.leclercdrive.fr/image.ashx?id=2732407&use=l&cat=p&typeid=i","cat":333657},{"id":209496,"n":"Salade & Cie Sodebo Montmartre Jambon supérieur - 320g","p":3.35,"u":"10,47 €/KG","img":"https://fd8-photos.leclercdrive.fr/image.ashx?id=2868945&use=l&cat=p&typeid=i","cat":333657},{"id":209510,"n":"Chips nature Lay's Sel - 250g","p":2.41,"u":"9,64 €/KG","img":"https://fd8-photos.leclercdrive.fr/image.ashx?id=2995073&use=l&cat=p&typeid=i","cat":284447},{"id":209514,"n":"Chips Lay's Nature - 135g","p":1.46,"u":"10,81 €/KG","img":"https://fd8-photos.leclercdrive.fr/image.ashx?id=2994482&use=l&cat=p&typeid=i","cat":284447},{"id":209527,"n":"Café San Marco supremo n°8 Grains - 1kg","p":21.99,"u":"21,99 €/KG","img":"https://fd8-photos.leclercdrive.fr/image.ashx?id=2540541&use=l&cat=p&typeid=i","cat":293237},{"id":209589,"n":"Pain Kebab La Boulangère x4 - 320g","p":2.07,"u":"7,96 €/KG","img":"https://fd8-photos.leclercdrive.fr/image.ashx?id=2912308&use=l&cat=p&typeid=i","cat":284985},{"id":209594,"n":"Pains au lait Bio La Boulangère Format familial - 420g","p":3.15,"u":"7,50 €/KG","img":"https://fd8-photos.leclercdrive.fr/image.ashx?id=2912440&use=l&cat=p&typeid=i","cat":293505},{"id":209597,"n":"Compote Allégée en sucres Eco+ Bocal pomme poire - 720g","p":1.13,"u":"1,57 €/KG","img":"https://fd8-photos.leclercdrive.fr/image.ashx?id=2953206&use=l&cat=p&typeid=i","cat":284508},{"id":209598,"n":"Compote Allégée en sucres Eco+ Bocal pomme banane - 720g","p":1.03,"u":"1,43 €/KG","img":"https://fd8-photos.leclercdrive.fr/image.ashx?id=2953209&use=l&cat=p&typeid=i","cat":284508},{"id":209599,"n":"Capsules café L'Or Espresso Lungo Profondo N°8 x50","p":16.75,"u":"64,42 €/KG","img":"https://fd8-photos.leclercdrive.fr/image.ashx?id=2540898&use=l&cat=p&typeid=i","cat":284749},{"id":209601,"n":"Thé vert Lipton Menthe intense - x20 - 32g","p":1.63,"u":"50,94 €/KG","img":"https://fd8-photos.leclercdrive.fr/image.ashx?id=2540907&use=l&cat=p&typeid=i","cat":293233},{"id":209648,"n":"Briochettes pépites de chocolat Pasquier - 400g","p":3.09,"u":"7,73 €/KG","img":"https://fd8-photos.leclercdrive.fr/image.ashx?id=2541196&use=l&cat=p&typeid=i","cat":296366},{"id":209686,"n":"Thé vert Lipton Myrtille et mure - x20 - 32g","p":2.35,"u":"73,44 €/KG","img":"https://fd8-photos.leclercdrive.fr/image.ashx?id=2542816&use=l&cat=p&typeid=i","cat":293233},{"id":209688,"n":"Thé vert menthe Lipton Asie - x30s - 48g","p":2.68,"u":"55,83 €/KG","img":"https://fd8-photos.leclercdrive.fr/image.ashx?id=2542819&use=l&cat=p&typeid=i","cat":293233},{"id":209691,"n":"Thé vert Lipton x30s - 39g","p":2.64,"u":"67,69 €/KG","img":"https://fd8-photos.leclercdrive.fr/image.ashx?id=2542822&use=l&cat=p&typeid=i","cat":293233},{"id":209705,"n":"Mini bâtonnets Magnum Double Sunlover x6 - 282g","p":4.75,"u":"16,84 €/KG","img":"https://fd8-photos.leclercdrive.fr/image.ashx?id=2738125&use=l&cat=p&typeid=i","cat":284265},{"id":209722,"n":"Dessert Glacé Viennetta Caramel beurre salé - 320g","p":2.23,"u":"6,97 €/KG","img":"https://fd8-photos.leclercdrive.fr/image.ashx?id=2802836&use=l&cat=p&typeid=i","cat":284266},{"id":209724,"n":"Dessert Glacé Viennetta Chocolat -  320g","p":2.82,"u":"8,81 €/KG","img":"https://fd8-photos.leclercdrive.fr/image.ashx?id=3009287&use=l&cat=p&typeid=i","cat":284266},{"id":209739,"n":"Adoucissant concentré Soupline Hypoallergénique 64 lav. 1,35L","p":5.02,"u":"3,72 €/L","img":"https://fd8-photos.leclercdrive.fr/image.ashx?id=2831185&use=l&cat=p&typeid=i","cat":284650},{"id":209795,"n":"Mascara L'Oréal Paris  Telescopic Lift longueur","p":18.63,"img":"https://fd8-photos.leclercdrive.fr/image.ashx?id=2543969&use=l&cat=p&typeid=i","cat":287029},{"id":209801,"n":"Rasoirs jetables Wilkinson Xtreme 3 - Pure sensitive - x12","p":13.38,"u":"1,12 €/P","img":"https://fd8-photos.leclercdrive.fr/image.ashx?id=2861719&use=l&cat=p&typeid=i","cat":284616},{"id":209804,"n":"Rasoirs jetables Wilkinson Xtreme 3 Ultimate confort - x8","p":10.36,"img":"https://fd8-photos.leclercdrive.fr/image.ashx?id=2846478&use=l&cat=p&typeid=i","cat":284616},{"id":209806,"n":"Rasoirs Extra 3 Essentials Plastique recyclé - x8","p":5.39,"u":"0,67 €/P","img":"https://fd8-photos.leclercdrive.fr/image.ashx?id=2846481&use=l&cat=p&typeid=i","cat":284616},{"id":209808,"n":"Shampooing Head & Shoulders DermaxPro - Apaise - 225ml","p":4.62,"u":"20,53 €/L","img":"https://fd8-photos.leclercdrive.fr/image.ashx?id=2544551&use=l&cat=p&typeid=i","cat":284606},{"id":209843,"n":"Thé vert menthe Lipton x50 - 80g","p":4.36,"u":"54,50 €/KG","img":"https://fd8-photos.leclercdrive.fr/image.ashx?id=2544629&use=l&cat=p&typeid=i","cat":293233},{"id":209850,"n":"Thé vert Lipton  Classique Asie  - x50 - 65g","p":4.49,"u":"69,08 €/KG","img":"https://fd8-photos.leclercdrive.fr/image.ashx?id=2544632&use=l&cat=p&typeid=i","cat":293233},{"id":209854,"n":"Thé vert citron Lipton Asie - x30 - 48g","p":2.62,"u":"54,58 €/KG","img":"https://fd8-photos.leclercdrive.fr/image.ashx?id=2544635&use=l&cat=p&typeid=i","cat":293233},{"id":209855,"n":"Thé vert Tchae menthe x20 - 40g","p":1.71,"u":"42,75 €/KG","img":"https://fd8-photos.leclercdrive.fr/image.ashx?id=2544638&use=l&cat=p&typeid=i","cat":293233},{"id":209856,"n":"Thé vert Tchaé orient  Lipton  x20 - 35g","p":2.6,"u":"74,29 €/KG","img":"https://fd8-photos.leclercdrive.fr/image.ashx?id=2544641&use=l&cat=p&typeid=i","cat":293233},{"id":209857,"n":"Thé vert Lipton Pamplemousse Mandarine x20 32g","p":1.71,"u":"53,44 €/KG","img":"https://fd8-photos.leclercdrive.fr/image.ashx?id=2544623&use=l&cat=p&typeid=i","cat":293233},{"id":209859,"n":"Déboucheur Liquide Destop  4 doses - 950ml","p":3.79,"u":"3,99 €/L","img":"https://fd8-photos.leclercdrive.fr/image.ashx?id=2832161&use=l&cat=p&typeid=i","cat":284908},{"id":209862,"n":"Thé vert Lipton Mangue abricot - x20 32g","p":2.82,"u":"88,13 €/KG","img":"https://fd8-photos.leclercdrive.fr/image.ashx?id=2544626&use=l&cat=p&typeid=i","cat":293233},{"id":209863,"n":"Gel anti-calcaire Calgon  4 en 1 - 750ml","p":5.45,"u":"7,27 €/L","img":"https://fd8-photos.leclercdrive.fr/image.ashx?id=2963475&use=l&cat=p&typeid=i","cat":284653},{"id":209866,"n":"Infusion Elephant  Pêche Abricot - x20 38g","p":2.39,"u":"62,89 €/KG","img":"https://fd8-photos.leclercdrive.fr/image.ashx?id=2544617&use=l&cat=p&typeid=i","cat":293234},{"id":209868,"n":"AIRWICK Recharge Freshmatic Vanille et Caramel - 250ml","p":3.78,"u":"15,12 €/L","img":"https://fd8-photos.leclercdrive.fr/image.ashx?id=2896348&use=l&cat=p&typeid=i","cat":311629},{"id":209869,"n":"Infusion Elephant Pomme cannelle - 36g","p":1.84,"u":"51,11 €/KG","img":"https://fd8-photos.leclercdrive.fr/image.ashx?id=2544614&use=l&cat=p&typeid=i","cat":293234},{"id":209878,"n":"Spray vitres Ajax Triple action - 750ml","p":2.51,"u":"3,35 €/L","img":"https://fd8-photos.leclercdrive.fr/image.ashx?id=2544581&use=l&cat=p&typeid=i","cat":325363},{"id":209879,"n":"Spray nettoyant La Croix Salle de bain - 500ml","p":1.91,"u":"3,82 €/L","img":"https://fd8-photos.leclercdrive.fr/image.ashx?id=2544587&use=l&cat=p&typeid=i","cat":325357},{"id":209891,"n":"Nettoyant lave-vaisselle Finish  Intégral Anti-Odeurs - 250ml","p":3.65,"u":"14,60 €/L","img":"https://fd8-photos.leclercdrive.fr/image.ashx?id=2659735&use=l&cat=p&typeid=i","cat":284657},{"id":209893,"n":"Détachant poudre Vanish  940g","p":10.89,"u":"11,59 €/KG","img":"https://fd8-photos.leclercdrive.fr/image.ashx?id=2680308&use=l&cat=p&typeid=i","cat":284651},{"id":209894,"n":"Adoucissant concentré Soupline  Lavande 60 lavages 1,35 L","p":6.47,"u":"4,79 €/L","img":"https://fd8-photos.leclercdrive.fr/image.ashx?id=2912716&use=l&cat=p&typeid=i","cat":284650},{"id":209896,"n":"Beurre gastronomique Président Doux - 82% MG - 500g","p":5.65,"u":"11,30 €/KG","img":"https://fd8-photos.leclercdrive.fr/image.ashx?id=2740556&use=l&cat=p&typeid=i","cat":284379},{"id":209901,"n":"Soda Schweppes Spritz - 1L","p":1.89,"u":"1,89 €/L","img":"https://fd8-photos.leclercdrive.fr/image.ashx?id=2852441&use=l&cat=p&typeid=i","cat":284532},{"id":209902,"n":"Nettoyant lave linge protection complète Dr Beckmann 50cl","p":5.99,"u":"11,98 €/L","img":"https://fd8-photos.leclercdrive.fr/image.ashx?id=2897291&use=l&cat=p&typeid=i","cat":284653},{"id":209912,"n":"Yaourt Bifidus Activia Saveur vanille coco - 16x125g","p":4.51,"u":"2,26 €/KG","img":"https://fd8-photos.leclercdrive.fr/image.ashx?id=2748197&use=l&cat=p&typeid=i","cat":286006},{"id":209926,"n":"Emincés de bœuf *** limousine L'atelier Boucherie - 240G","p":6.49,"u":"27,04 €/KG","img":"https://fd8-photos.leclercdrive.fr/image.ashx?id=2546920&use=l&cat=p&typeid=i","cat":284328},{"id":209935,"n":"Rumsteck tournedos*** limousine L'Atelier Boucherie x2 - 280g","p":8.99,"u":"32,11 €/KG","img":"https://fd8-photos.leclercdrive.fr/image.ashx?id=2546914&use=l&cat=p&typeid=i","cat":284328},{"id":209936,"n":"Roti de bœuf*** limousine  L'atelier Boucherie - 600G","p":17.49,"u":"29,15 €/KG","img":"https://fd8-photos.leclercdrive.fr/image.ashx?id=2546917&use=l&cat=p&typeid=i","cat":284328},{"id":209996,"n":"Détachant Gel Vanish  750ml","p":6.08,"u":"8,11 €/L","img":"https://fd8-photos.leclercdrive.fr/image.ashx?id=2878108&use=l&cat=p&typeid=i","cat":284651},{"id":210011,"n":"Détachant poudre Vanish  Blanc - 940g","p":11.88,"u":"12,64 €/KG","img":"https://fd8-photos.leclercdrive.fr/image.ashx?id=2680311&use=l&cat=p&typeid=i","cat":284651},{"id":210015,"n":"Nettoyant ménager La Croix Spray - Ultra cuisine - 500ml","p":1.89,"u":"3,78 €/L","img":"https://fd8-photos.leclercdrive.fr/image.ashx?id=2545216&use=l&cat=p&typeid=i","cat":325357},{"id":210017,"n":"Mascara Maybelline Falsies Surreal Noir","p":12.59,"img":"https://fd8-photos.leclercdrive.fr/image.ashx?id=2545099&use=l&cat=p&typeid=i","cat":287029},{"id":210019,"n":"Lotion Tonique Visage Nivea Peaux sèches&sensibles - 200ml","p":3.58,"u":"17,90 €/L","img":"https://fd8-photos.leclercdrive.fr/image.ashx?id=3014602&use=l&cat=p&typeid=i","cat":284603},{"id":210024,"n":"Lingettes désinfectantes St  Marc Soleil de Corse - x80","p":2.58,"u":"0,03 €/P","img":"https://fd8-photos.leclercdrive.fr/image.ashx?id=2757440&use=l&cat=p&typeid=i","cat":325358},{"id":210047,"n":"Gel douche Sanex Natural Prebiotic - Enfants - 425m","p":4.2,"u":"9,88 €/L","img":"https://fd8-photos.leclercdrive.fr/image.ashx?id=2545219&use=l&cat=p&typeid=i","cat":284594},{"id":210048,"n":"Gel douche Sanex Hypoallergenique - 425ml","p":4.73,"u":"11,13 €/L","img":"https://fd8-photos.leclercdrive.fr/image.ashx?id=2757860&use=l&cat=p&typeid=i","cat":284594},{"id":210050,"n":"Gel douche Sanex Natural Prebiotic Protection + - 425ml","p":3.62,"u":"8,52 €/L","img":"https://fd8-photos.leclercdrive.fr/image.ashx?id=2757872&use=l&cat=p&typeid=i","cat":284594},{"id":210052,"n":"Pop up Smarties 4x52g","p":4.29,"u":"20,63 €/KG","img":"https://fd8-photos.leclercdrive.fr/image.ashx?id=2557734&use=l&cat=p&typeid=i","cat":285250},{"id":210055,"n":"Bonbons Tic Tac Fresh Menthe Polaire - x55 - 41g","p":3.35,"u":"81,71 €/KG","img":"https://fd8-photos.leclercdrive.fr/image.ashx?id=2546803&use=l&cat=p&typeid=i","cat":304256},{"id":210060,"n":"Yaourt vanille Simplement Bio Les 300 Laitiers Bio -  4x110g","p":1.25,"u":"2,84 €/KG","img":"https://fd8-photos.leclercdrive.fr/image.ashx?id=2629142&use=l&cat=p&typeid=i","cat":286006},{"id":210067,"n":"Riz Lustucru 900g","p":2.51,"u":"2,79 €/KG","img":"https://fd8-photos.leclercdrive.fr/image.ashx?id=2963742&use=l&cat=p&typeid=i","cat":284428},{"id":210071,"n":"Eyeliner feutre Maybelline Ink Pen ultra-pigmenté","p":10.5,"img":"https://fd8-photos.leclercdrive.fr/image.ashx?id=2546629&use=l&cat=p&typeid=i","cat":287029},{"id":210074,"n":"Shampoing Hydratant Dessange Préparation Brushing - 250ml","p":3.03,"u":"12,12 €/L","img":"https://fd8-photos.leclercdrive.fr/image.ashx?id=2546638&use=l&cat=p&typeid=i","cat":284606},{"id":210075,"n":"Lait de Brushing Dessange Thermo-protecteur 230°C - 125ml","p":6.05,"u":"48,40 €/L","img":"https://fd8-photos.leclercdrive.fr/image.ashx?id=2870695&use=l&cat=p&typeid=i","cat":284608},{"id":210076,"n":"Gel douche Tahiti Coco & Huile de coco - 250ml","p":2.33,"u":"9,32 €/L","img":"https://fd8-photos.leclercdrive.fr/image.ashx?id=2545897&use=l&cat=p&typeid=i","cat":284594},{"id":210103,"n":"Crevettes Cocktail ASC Costa  270g","p":7.76,"u":"28,74 €/KG","img":"https://fd8-photos.leclercdrive.fr/image.ashx?id=2546722&use=l&cat=p&typeid=i","cat":319787},{"id":210144,"n":"Nettoyant visage SoBio Etic bio Solide surgras - Aloe vera 70g","p":5.13,"u":"73,29 €/KG","img":"https://fd8-photos.leclercdrive.fr/image.ashx?id=2811251&use=l&cat=p&typeid=i","cat":284603},{"id":210153,"n":"Brosse à dents Electrique Oral-B - Noire - IO3S","p":93.99,"img":"https://fd8-photos.leclercdrive.fr/image.ashx?id=2553311&use=l&cat=p&typeid=i","cat":297133},{"id":210155,"n":"Brosse à dent éléctrique Oral-B Pro - 3 Frozen + 1 refill","p":63.95,"u":"Dont 0,07 € d'éco-part.","img":"https://fd8-photos.leclercdrive.fr/image.ashx?id=2545885&use=l&cat=p&typeid=i","cat":297133},{"id":210206,"n":"Brossettes Oral-B 3D White x4","p":22.89,"u":"5,72 €/P","img":"https://fd8-photos.leclercdrive.fr/image.ashx?id=2617483&use=l&cat=p&typeid=i","cat":297133},{"id":210232,"n":"Mon kit d'épilation Wilkinson Corps - x1","p":14.49,"img":"https://fd8-photos.leclercdrive.fr/image.ashx?id=2561317&use=l&cat=p&typeid=i","cat":325351},{"id":210257,"n":"Shampooing Head & Shoulders 2x225ml","p":9.34,"u":"20,76 €/L","img":"https://fd8-photos.leclercdrive.fr/image.ashx?id=2549187&use=l&cat=p&typeid=i","cat":284606},{"id":210267,"n":"Ampoules LED Standard Philips B22 60W Blanc chaud claire x3","p":17.59,"u":"Dont 0,86 € d'éco-part.","img":"https://fd8-photos.leclercdrive.fr/image.ashx?id=2546229&use=l&cat=p&typeid=i","cat":300573},{"id":210270,"n":"Ampoules LED Standard Philips  E27 60W Blanc chaud claire x3","p":12.01,"u":"Dont 0,86 € d'éco-part.","img":"https://fd8-photos.leclercdrive.fr/image.ashx?id=2546232&use=l&cat=p&typeid=i","cat":300573},{"id":210273,"n":"Ampoules LED Flamme Philips E14 40W Blanc froid x2","p":8.04,"u":"Dont 0,29 € d'éco-part.","img":"https://fd8-photos.leclercdrive.fr/image.ashx?id=2546235&use=l&cat=p&typeid=i","cat":300573},{"id":210315,"n":"Délice tofu bio Céréal Bio Tomates Mozzarella - 180g","p":2.25,"u":"12,50 €/KG","img":"https://fd8-photos.leclercdrive.fr/image.ashx?id=2624227&use=l&cat=p&typeid=i","cat":316036},{"id":210321,"n":"Bonbons Tic Tac  Menthe - x200 - 98g","p":2.94,"u":"30,00 €/KG","img":"https://fd8-photos.leclercdrive.fr/image.ashx?id=2674231&use=l&cat=p&typeid=i","cat":304256},{"id":210611,"n":"Pomelos à jus  Panier du Primeur Sachet 1.5kg","p":3.49,"u":"2,33 €/KG","img":"https://fd8-photos.leclercdrive.fr/image.ashx?id=2994713&use=l&cat=p&typeid=i","cat":284356},{"id":210703,"n":"Terrine Tous mes amis Volaille carottes - 1.2kg","p":1.95,"u":"1,63 €/KG","img":"https://fd8-photos.leclercdrive.fr/image.ashx?id=2815758&use=l&cat=p&typeid=i","cat":288578},{"id":210705,"n":"Dragées chocolatées M&M's Cacahuètes - 250g","p":4.24,"u":"16,96 €/KG","img":"https://fd8-photos.leclercdrive.fr/image.ashx?id=3003393&use=l&cat=p&typeid=i","cat":304238},{"id":210727,"n":"Poivre noir Ducros Bresil - 32g","p":3.45,"u":"107,81 €/KG","img":"https://fd8-photos.leclercdrive.fr/image.ashx?id=2552580&use=l&cat=p&typeid=i","cat":284457},{"id":210739,"n":"Herbes de provence Sainte Lucie Label rouge - 18g","p":2.81,"u":"156,11 €/KG","img":"https://fd8-photos.leclercdrive.fr/image.ashx?id=2975167&use=l&cat=p&typeid=i","cat":298297},{"id":210803,"n":"Adoucissant Hyperdou Douceur de pêche - 1.9L - x27","p":2.42,"u":"1,27 €/L","img":"https://fd8-photos.leclercdrive.fr/image.ashx?id=2974834&use=l&cat=p&typeid=i","cat":284650},{"id":210806,"n":"Adoucissant Hyperdou Senstive - 1.9L - x27","p":2.38,"u":"1,25 €/L","img":"https://fd8-photos.leclercdrive.fr/image.ashx?id=2974843&use=l&cat=p&typeid=i","cat":284650},{"id":210821,"n":"Pommes rissolées Findus 590g","p":2.49,"u":"4,22 €/KG","img":"https://fd8-photos.leclercdrive.fr/image.ashx?id=2790099&use=l&cat=p&typeid=i","cat":319792},{"id":210823,"n":"Pommes noisette Findus 500g","p":2.15,"u":"4,30 €/KG","img":"https://fd8-photos.leclercdrive.fr/image.ashx?id=2865866&use=l&cat=p&typeid=i","cat":319792},{"id":210824,"n":"Pommes noisette Findus 900g","p":2.65,"u":"2,94 €/KG","img":"https://fd8-photos.leclercdrive.fr/image.ashx?id=2899500&use=l&cat=p&typeid=i","cat":319792},{"id":210889,"n":"Yaourt à boire Eco+ Fraise - 850g","p":1.33,"u":"1,56 €/KG","img":"https://fd8-photos.leclercdrive.fr/image.ashx?id=2552033&use=l&cat=p&typeid=i","cat":284415},{"id":210946,"n":"Margarine Planta Fin  Demi-sel 100% végétal - 450g","p":3.04,"u":"6,76 €/KG","img":"https://fd8-photos.leclercdrive.fr/image.ashx?id=2989474&use=l&cat=p&typeid=i","cat":315229},{"id":210948,"n":"Margarine Planta Fin Doux 100% végétal - 450g","p":2.69,"u":"5,98 €/KG","img":"https://fd8-photos.leclercdrive.fr/image.ashx?id=2989477&use=l&cat=p&typeid=i","cat":315229},{"id":210956,"n":"Yaourt gourmand Délisse Coco - 2x150g","p":1.09,"u":"3,63 €/KG","img":"https://fd8-photos.leclercdrive.fr/image.ashx?id=2556532&use=l&cat=p&typeid=i","cat":314999},{"id":210957,"n":"Yaourt gourmand Délisse Cerise - 2x150g","p":1.09,"u":"3,63 €/KG","img":"https://fd8-photos.leclercdrive.fr/image.ashx?id=2552502&use=l&cat=p&typeid=i","cat":314999},{"id":210958,"n":"Yaourt gourrmand Délisse  2x150g","p":1.13,"u":"3,77 €/KG","img":"https://fd8-photos.leclercdrive.fr/image.ashx?id=2552505&use=l&cat=p&typeid=i","cat":314999},{"id":210960,"n":"Bouchées Tous les Amis 1.2kg","p":2.15,"u":"1,79 €/KG","img":"https://fd8-photos.leclercdrive.fr/image.ashx?id=2815767&use=l&cat=p&typeid=i","cat":288578},{"id":210961,"n":"Le Fondant Mamie Nova Pistache - 2x150g","p":1.55,"u":"5,17 €/KG","img":"https://fd8-photos.leclercdrive.fr/image.ashx?id=2886957&use=l&cat=p&typeid=i","cat":285041},{"id":210965,"n":"Le Fondant Mamie Nova Caramel beurre salé - 2x150g","p":1.55,"u":"5,17 €/KG","img":"https://fd8-photos.leclercdrive.fr/image.ashx?id=2909038&use=l&cat=p&typeid=i","cat":285041},{"id":210968,"n":"Tajine de boeuf Fleury Michon 350g","p":2.95,"u":"8,43 €/KG","img":"https://fd8-photos.leclercdrive.fr/image.ashx?id=2656730&use=l&cat=p&typeid=i","cat":333665},{"id":211041,"n":"Fromage à tartiner Kiri Délicieusement fouetté - 210g","p":3.35,"u":"15,95 €/KG","img":"https://fd8-photos.leclercdrive.fr/image.ashx?id=2686594&use=l&cat=p&typeid=i","cat":314029},{"id":211044,"n":"Gel Toilette Intime Extra Doux Intima Natural Hamamélis 500ml","p":5.95,"u":"11,90 €/L","img":"https://fd8-photos.leclercdrive.fr/image.ashx?id=2959877&use=l&cat=p&typeid=i","cat":284627},{"id":211054,"n":"Croûtons Tipiak Nature - 75g","p":1.05,"u":"14,00 €/KG","img":"https://fd8-photos.leclercdrive.fr/image.ashx?id=2812726&use=l&cat=p&typeid=i","cat":284464},{"id":211082,"n":"Soda Canada Dry Ginger Ale 6x33cl","p":4.25,"u":"2,15 €/L","img":"https://fd8-photos.leclercdrive.fr/image.ashx?id=2669097&use=l&cat=p&typeid=i","cat":284531},{"id":211085,"n":"Thé glacé Lipton Ice Tea pêche Le lot de 4x1.25L","p":5.83,"u":"1,17 €/L","img":"https://fd8-photos.leclercdrive.fr/image.ashx?id=2554133&use=l&cat=p&typeid=i","cat":295019},{"id":211096,"n":"Ciboulette Ducros 11g","p":2.81,"u":"255,45 €/KG","img":"https://fd8-photos.leclercdrive.fr/image.ashx?id=2554115&use=l&cat=p&typeid=i","cat":298297},{"id":211103,"n":"Ail des ours Sainte Lucie 9g","p":2.85,"u":"316,67 €/KG","img":"https://fd8-photos.leclercdrive.fr/image.ashx?id=2554091&use=l&cat=p&typeid=i","cat":298297},{"id":211125,"n":"Curry Ducros 47g","p":1.99,"u":"42,34 €/KG","img":"https://fd8-photos.leclercdrive.fr/image.ashx?id=2559496&use=l&cat=p&typeid=i","cat":298297},{"id":211223,"n":"Piment d'Espelette Ducros et origan - 25g","p":9.49,"u":"379,60 €/KG","img":"https://fd8-photos.leclercdrive.fr/image.ashx?id=2555340&use=l&cat=p&typeid=i","cat":298297},{"id":211225,"n":"Poivre blanc Ducros Grains 100g","p":2.82,"u":"28,20 €/KG","img":"https://fd8-photos.leclercdrive.fr/image.ashx?id=2555334&use=l&cat=p&typeid=i","cat":284457},{"id":211398,"n":"Amandes  Tokapi 200g","p":2.78,"u":"13,90 €/KG","img":"https://fd8-photos.leclercdrive.fr/image.ashx?id=2793326&use=l&cat=p&typeid=i","cat":284448},{"id":211403,"n":"Mélange noix fruits secs Tokapi 150g","p":2.16,"u":"14,40 €/KG","img":"https://fd8-photos.leclercdrive.fr/image.ashx?id=2793320&use=l&cat=p&typeid=i","cat":284448},{"id":211407,"n":"Mélange Tokapi Cajou  cranberries - 150g","p":2.17,"u":"14,47 €/KG","img":"https://fd8-photos.leclercdrive.fr/image.ashx?id=2793317&use=l&cat=p&typeid=i","cat":284448},{"id":211413,"n":"Céréales Kit Kat 330g","p":3.79,"u":"11,48 €/KG","img":"https://fd8-photos.leclercdrive.fr/image.ashx?id=2989453&use=l&cat=p&typeid=i","cat":309513},{"id":211414,"n":"Céréales Miel Pops Kellogg's 330g","p":2.44,"u":"7,39 €/KG","img":"https://fd8-photos.leclercdrive.fr/image.ashx?id=3003423&use=l&cat=p&typeid=i","cat":309513},{"id":211426,"n":"Pain burger Eco+ Nature x6 - 330g","p":0.88,"u":"2,67 €/KG","img":"https://fd8-photos.leclercdrive.fr/image.ashx?id=2854195&use=l&cat=p&typeid=i","cat":325067},{"id":211427,"n":"Pain burger Epi d'Or Nature x6 - 330g","p":0.93,"u":"2,82 €/KG","img":"https://fd8-photos.leclercdrive.fr/image.ashx?id=2807303&use=l&cat=p&typeid=i","cat":325067},{"id":211428,"n":"Céréales Special K Kellogg's Nature - 500g","p":3.45,"u":"6,90 €/KG","img":"https://fd8-photos.leclercdrive.fr/image.ashx?id=2583996&use=l&cat=p&typeid=i","cat":309512},{"id":211431,"n":"Oignon Ducros 9g","p":1.49,"u":"165,56 €/KG","img":"https://fd8-photos.leclercdrive.fr/image.ashx?id=2557332&use=l&cat=p&typeid=i","cat":298297},{"id":211432,"n":"Court bouillon Maggi Legumes et vin blanc 150g","p":1.42,"u":"9,47 €/KG","img":"https://fd8-photos.leclercdrive.fr/image.ashx?id=2557740&use=l&cat=p&typeid=i","cat":288379},{"id":211436,"n":"Weetabix crispy  Minis choco - 500g","p":4.1,"u":"8,20 €/KG","img":"https://fd8-photos.leclercdrive.fr/image.ashx?id=2971311&use=l&cat=p&typeid=i","cat":309512},{"id":211454,"n":"Beurre de Bretagne Le Gall Doux -  200g","p":2.48,"u":"12,40 €/KG","img":"https://fd8-photos.leclercdrive.fr/image.ashx?id=2557413&use=l&cat=p&typeid=i","cat":284379},{"id":211470,"n":"Dentifrice Signal Professionnel Action Sensibilité Complet 75ml","p":3.01,"u":"40,13 €/L","img":"https://fd8-photos.leclercdrive.fr/image.ashx?id=2961326&use=l&cat=p&typeid=i","cat":284612},{"id":211481,"n":"Biscottes Pasquier Sans sel et sucre ajoutés - 300","p":1.33,"u":"4,43 €/KG","img":"https://fd8-photos.leclercdrive.fr/image.ashx?id=2899407&use=l&cat=p&typeid=i","cat":284479},{"id":211512,"n":"Dentifrice Blancheur Signal White Now Original 75ml","p":2.49,"u":"33,20 €/L","img":"https://fd8-photos.leclercdrive.fr/image.ashx?id=2832590&use=l&cat=p&typeid=i","cat":284612},{"id":211513,"n":"Dentifrice Blancheur Signal White now Gold 75ml","p":4.47,"u":"59,60 €/L","img":"https://fd8-photos.leclercdrive.fr/image.ashx?id=2770187&use=l&cat=p&typeid=i","cat":284612},{"id":211514,"n":"Déodorant bille Rexona Men Cobalt 72h - 50ml","p":2.64,"u":"52,80 €/L","img":"https://fd8-photos.leclercdrive.fr/image.ashx?id=2849662&use=l&cat=p&typeid=i","cat":284618},{"id":211516,"n":"Déodorant bille Rexona Bouquet 72h - 50ml","p":2.64,"u":"52,80 €/L","img":"https://fd8-photos.leclercdrive.fr/image.ashx?id=2849668&use=l&cat=p&typeid=i","cat":284595},{"id":211520,"n":"Dentifrice Signal Professionnel Sensibilité Gencives 75ml","p":3.55,"u":"47,33 €/L","img":"https://fd8-photos.leclercdrive.fr/image.ashx?id=2961329&use=l&cat=p&typeid=i","cat":284612},{"id":211522,"n":"Dentifrice Signal Professionnel Sensibilité Blancheur 75ml","p":3.01,"u":"40,13 €/L","img":"https://fd8-photos.leclercdrive.fr/image.ashx?id=2961332&use=l&cat=p&typeid=i","cat":284612},{"id":211524,"n":"Dentifrice Signal Sensibilité Fraîcheur - 75ml","p":3.1,"u":"41,33 €/L","img":"https://fd8-photos.leclercdrive.fr/image.ashx?id=2961335&use=l&cat=p&typeid=i","cat":284612},{"id":211525,"n":"Lessive tablettes Persil Bouquet de Provence - x32","p":6.08,"u":"6,33 €/KG","img":"https://fd8-photos.leclercdrive.fr/image.ashx?id=2557809&use=l&cat=p&typeid=i","cat":284641},{"id":211527,"n":"Dentifrice Blancheur Signal White Now Super Pure 75ml","p":3.79,"u":"50,53 €/L","img":"https://fd8-photos.leclercdrive.fr/image.ashx?id=2770190&use=l&cat=p&typeid=i","cat":284612},{"id":211550,"n":"Sel Regénérant Sun Lave Vaisselle Standard 1Kg","p":1.09,"u":"1,09 €/KG","img":"https://fd8-photos.leclercdrive.fr/image.ashx?id=2729434&use=l&cat=p&typeid=i","cat":284657},{"id":211551,"n":"Déodorant bille homme Axe Aqua bergamot - 50ml","p":5.87,"u":"117,40 €/L","img":"https://fd8-photos.leclercdrive.fr/image.ashx?id=2850829&use=l&cat=p&typeid=i","cat":284618},{"id":211555,"n":"Sun Capsules Lave-Vaisselle Tout en 1 Absolu Brillance x28","p":7.9,"u":"18,81 €/KG","img":"https://fd8-photos.leclercdrive.fr/image.ashx?id=2961350&use=l&cat=p&typeid=i","cat":284656},{"id":211556,"n":"Sun Capsules Lave-Vaisselle Tout en1 Absolu Dégraissant x28","p":7.9,"u":"18,81 €/KG","img":"https://fd8-photos.leclercdrive.fr/image.ashx?id=2961353&use=l&cat=p&typeid=i","cat":284656},{"id":211558,"n":"Sun Capsules Lave-Vaisselle Tout en 1 Absolu Protection x28","p":7.97,"u":"18,98 €/KG","img":"https://fd8-photos.leclercdrive.fr/image.ashx?id=2773934&use=l&cat=p&typeid=i","cat":284656},{"id":211561,"n":"Déodorant Spray Dove Anti- Transpirant Invisible Dry 100ml","p":3.13,"u":"31,30 €/L","img":"https://fd8-photos.leclercdrive.fr/image.ashx?id=2905711&use=l&cat=p&typeid=i","cat":284595},{"id":211562,"n":"Déodorant Spray Compressé Dove Anti-Transpirant Original 100ml","p":3.65,"u":"36,50 €/L","img":"https://fd8-photos.leclercdrive.fr/image.ashx?id=2793098&use=l&cat=p&typeid=i","cat":284595},{"id":211563,"n":"Déodorant Spray Dove Anti- Transpirant Invisible Dry 200ml","p":3.65,"u":"18,25 €/L","img":"https://fd8-photos.leclercdrive.fr/image.ashx?id=2877244&use=l&cat=p&typeid=i","cat":284595},{"id":211564,"n":"Adoucissant concentré Soupline Coco fleurs blanches - 1.28L","p":5.58,"u":"4,36 €/L","img":"https://fd8-photos.leclercdrive.fr/image.ashx?id=2832566&use=l&cat=p&typeid=i","cat":284650},{"id":211573,"n":"Déodorant Spray Dove Anti- Transpirant Original 200ml","p":3.66,"u":"18,30 €/L","img":"https://fd8-photos.leclercdrive.fr/image.ashx?id=2878486&use=l&cat=p&typeid=i","cat":284595},{"id":211577,"n":"Déodorant bille Rexona Cotton dry 72h - 50ml","p":2.64,"u":"52,80 €/L","img":"https://fd8-photos.leclercdrive.fr/image.ashx?id=2849671&use=l&cat=p&typeid=i","cat":284595},{"id":211578,"n":"Déodorant bille Rexona Invisible aqua 72h - 50ml","p":2.64,"u":"52,80 €/L","img":"https://fd8-photos.leclercdrive.fr/image.ashx?id=2849674&use=l&cat=p&typeid=i","cat":284595},{"id":211598,"n":"Yaourt protéiné Hipro Stracciatella 0%mg - 2x160g","p":2.39,"u":"7,47 €/KG","img":"https://fd8-photos.leclercdrive.fr/image.ashx?id=2807438&use=l&cat=p&typeid=i","cat":315000},{"id":211629,"n":"Fromage à tartiner Labné  Président - 250g","p":2.48,"u":"9,92 €/KG","img":"https://fd8-photos.leclercdrive.fr/image.ashx?id=2889397&use=l&cat=p&typeid=i","cat":314029},{"id":211630,"n":"Palets croustillants Société Fromage de brebis - 150g","p":2.69,"u":"17,93 €/KG","img":"https://fd8-photos.leclercdrive.fr/image.ashx?id=2785160&use=l&cat=p&typeid=i","cat":314027},{"id":211631,"n":"Desserts Lactés P'TIT BRASSE   Abricot vanille -6m+ - 4x90g","p":1.7,"u":"4,72 €/KG","img":"https://fd8-photos.leclercdrive.fr/image.ashx?id=2600072&use=l&cat=p&typeid=i","cat":312392},{"id":211632,"n":"Desserts Lactés P'TIT ONCTUEUX Nature 6M+ - 8x90g","p":3.29,"u":"4,57 €/KG","img":"https://fd8-photos.leclercdrive.fr/image.ashx?id=2559161&use=l&cat=p&typeid=i","cat":312392},{"id":211827,"n":"Céréales bébé BABIVANILLE Vanille 10M+ - 400g","p":2.92,"u":"7,30 €/KG","img":"https://fd8-photos.leclercdrive.fr/image.ashx?id=2562651&use=l&cat=p&typeid=i","cat":312225},{"id":211844,"n":"Pur jus Tropicana Orange sans pulpe - 4x1,5L","p":13.5,"u":"2,25 €/L","img":"https://fd8-photos.leclercdrive.fr/image.ashx?id=2562546&use=l&cat=p&typeid=i","cat":284521},{"id":211856,"n":"Biscuits Petits Chocos Bonne maman - 250g","p":2.49,"u":"9,96 €/KG","img":"https://fd8-photos.leclercdrive.fr/image.ashx?id=2949997&use=l&cat=p&typeid=i","cat":284488},{"id":211864,"n":"Nouilles de blé Tien Shan Canard - 2x85g+85g offerts","p":1.71,"u":"6,71 €/KG","img":"https://fd8-photos.leclercdrive.fr/image.ashx?id=2562435&use=l&cat=p&typeid=i","cat":288992},{"id":212107,"n":"Brosse à dents Colgate Extra-clean médium - x4","p":1.85,"u":"0,46 €/P","img":"https://fd8-photos.leclercdrive.fr/image.ashx?id=2564309&use=l&cat=p&typeid=i","cat":284614},{"id":212112,"n":"Céréales Frosties Kellogg's  330g","p":2.46,"u":"7,45 €/KG","img":"https://fd8-photos.leclercdrive.fr/image.ashx?id=2565362&use=l&cat=p&typeid=i","cat":309513},{"id":212248,"n":"Crème glacée La Laitière Chocolat avec copeaux - 490g","p":3.24,"pp":2.27,"u":"4,63 €/KG","img":"https://fd8-photos.leclercdrive.fr/image.ashx?id=3000012&use=l&cat=p&typeid=i","cat":284263},{"id":212267,"n":"Après-shampooing DermaXPro Revitalisant cheveux sec  200ml","p":4.62,"u":"23,10 €/L","img":"https://fd8-photos.leclercdrive.fr/image.ashx?id=2565440&use=l&cat=p&typeid=i","cat":284607},{"id":212268,"n":"Crème de soin DermaXPro Hydratation - 145ml","p":5.45,"u":"37,59 €/L","img":"https://fd8-photos.leclercdrive.fr/image.ashx?id=2565431&use=l&cat=p&typeid=i","cat":284608},{"id":212274,"n":"Crème de soin DermaXPro Apaise - 145ml","p":4.25,"u":"29,31 €/L","img":"https://fd8-photos.leclercdrive.fr/image.ashx?id=2565425&use=l&cat=p&typeid=i","cat":284608},{"id":212275,"n":"Après-shampooing DermaXPro Apaise - Cheveux secs - 200ml","p":5.12,"u":"25,60 €/L","img":"https://fd8-photos.leclercdrive.fr/image.ashx?id=2565422&use=l&cat=p&typeid=i","cat":284607},{"id":212276,"n":"Après-shampooing DermaXPro Répare - 200ml","p":6.56,"u":"32,80 €/L","img":"https://fd8-photos.leclercdrive.fr/image.ashx?id=2565437&use=l&cat=p&typeid=i","cat":284607},{"id":212287,"n":"Balance de cuisine numérique Nutrifresh","p":20.0,"u":"Dont 0,30 € d'éco-part.","img":"https://fd8-photos.leclercdrive.fr/image.ashx?id=2573315&use=l&cat=p&typeid=i","cat":284710},{"id":212289,"n":"Machine à soupe Nutrifresh","p":60.0,"u":"Dont 0,30 € d'éco-part.","img":"https://fd8-photos.leclercdrive.fr/image.ashx?id=2573169&use=l&cat=p&typeid=i","cat":284710},{"id":212291,"n":"Couches-culottes Pampers Baby-Dry Taille 3 - x48","p":18.1,"u":"0,38 €/P","img":"https://fd8-photos.leclercdrive.fr/image.ashx?id=2565924&use=l&cat=p&typeid=i","cat":290633},{"id":212383,"n":"Barres de céréales Spécial K Protein Coco cacao cajou -4x28g","p":2.6,"u":"23,21 €/KG","img":"https://fd8-photos.leclercdrive.fr/image.ashx?id=3011809&use=l&cat=p&typeid=i","cat":300032},{"id":212463,"n":"Gel douche Le Petit Marseillais Homme - Orange/Argan - 250ml","p":1.65,"u":"6,60 €/L","img":"https://fd8-photos.leclercdrive.fr/image.ashx?id=2684554&use=l&cat=p&typeid=i","cat":284619},{"id":212465,"n":"Protège-slip Confort Vania Coton Bio - x30","p":2.43,"img":"https://fd8-photos.leclercdrive.fr/image.ashx?id=2735215&use=l&cat=p&typeid=i","cat":284625},{"id":212466,"n":"Protège-slip Protection Vania Long voile Bio - x24","p":3.07,"img":"https://fd8-photos.leclercdrive.fr/image.ashx?id=2735218&use=l&cat=p&typeid=i","cat":284625},{"id":212467,"n":"Protège-slip Protection Vania Large Fresh - x36","p":3.08,"img":"https://fd8-photos.leclercdrive.fr/image.ashx?id=2735233&use=l&cat=p&typeid=i","cat":284625},{"id":212468,"n":"Protège-slips Confort Vania Aloe vera - x56","p":2.32,"img":"https://fd8-photos.leclercdrive.fr/image.ashx?id=2735236&use=l&cat=p&typeid=i","cat":284625},{"id":212469,"n":"Protège-slip Protection Vania Long Fresh - x40","p":2.4,"img":"https://fd8-photos.leclercdrive.fr/image.ashx?id=2735239&use=l&cat=p&typeid=i","cat":284625},{"id":212472,"n":"Capsules lave-vaisselle Finish Ultimate Plus Citron - x33","p":10.61,"u":"26,33 €/KG","img":"https://fd8-photos.leclercdrive.fr/image.ashx?id=2567077&use=l&cat=p&typeid=i","cat":284656},{"id":212474,"n":"Capsules lave-vaisselle Finish  Ultimate Plus - x33","p":13.89,"u":"34,47 €/KG","img":"https://fd8-photos.leclercdrive.fr/image.ashx?id=2567086&use=l&cat=p&typeid=i","cat":284656},{"id":212486,"n":"Film étirable Elembal 50m","p":1.8,"u":"0,04 €/MT","img":"https://fd8-photos.leclercdrive.fr/image.ashx?id=2566146&use=l&cat=p&typeid=i","cat":285194},{"id":212504,"n":"Crème hyaluronique Mixa 400ml","p":5.33,"u":"13,33 €/L","img":"https://fd8-photos.leclercdrive.fr/image.ashx?id=2585810&use=l&cat=p&typeid=i","cat":325350},{"id":212546,"n":"Macaroni et boulette Côté Table À la tomate - 280g","p":2.04,"u":"7,29 €/KG","img":"https://fd8-photos.leclercdrive.fr/image.ashx?id=2764149&use=l&cat=p&typeid=i","cat":333665},{"id":212582,"n":"Blanquette de poulet Côté Table 300g","p":2.79,"u":"9,30 €/KG","img":"https://fd8-photos.leclercdrive.fr/image.ashx?id=2764146&use=l&cat=p&typeid=i","cat":333665},{"id":212584,"n":"Penne au saumon Côté Table 280g","p":2.68,"u":"9,57 €/KG","img":"https://fd8-photos.leclercdrive.fr/image.ashx?id=2794761&use=l&cat=p&typeid=i","cat":333665},{"id":212587,"n":"Pizza Turini Margherita - 400g","p":3.35,"u":"8,38 €/KG","img":"https://fd8-photos.leclercdrive.fr/image.ashx?id=2888968&use=l&cat=p&typeid=i","cat":333679},{"id":212593,"n":"Litière chats Tous mes Amis Triple action blanche - 5L","p":4.2,"u":"0,84 €/L","img":"https://fd8-photos.leclercdrive.fr/image.ashx?id=2568361&use=l&cat=p&typeid=i","cat":284683},{"id":212595,"n":"Litière chats Tous mes Amis Parfumée grise - 5L","p":3.1,"u":"0,62 €/L","img":"https://fd8-photos.leclercdrive.fr/image.ashx?id=2568358&use=l&cat=p&typeid=i","cat":284683},{"id":212599,"n":"Amandes décortiquées Couleurs Vives - 200g","p":2.78,"u":"13,90 €/KG","img":"https://fd8-photos.leclercdrive.fr/image.ashx?id=2567592&use=l&cat=p&typeid=i","cat":284357},{"id":212603,"n":"Fruits secs Mix croquant Couleurs Vives - 200g","p":2.99,"u":"14,95 €/KG","img":"https://fd8-photos.leclercdrive.fr/image.ashx?id=2567601&use=l&cat=p&typeid=i","cat":284357},{"id":212604,"n":"Fruits secs Mix Gourmand Couleurs Vives - 200g","p":2.55,"u":"12,75 €/KG","img":"https://fd8-photos.leclercdrive.fr/image.ashx?id=2567604&use=l&cat=p&typeid=i","cat":284357},{"id":212605,"n":"Mini samoussas Tables du Monde Légumes Crevettes x8 - 240g","p":3.39,"u":"14,13 €/KG","img":"https://fd8-photos.leclercdrive.fr/image.ashx?id=2567651&use=l&cat=p&typeid=i","cat":316003},{"id":212606,"n":"Sacs poubelle Alfapac Salle de bain - 20x10L","p":1.89,"img":"https://fd8-photos.leclercdrive.fr/image.ashx?id=2588534&use=l&cat=p&typeid=i","cat":285168},{"id":212678,"n":"Sauce apéritif Doritos Guacamole - 270g","p":2.29,"u":"8,48 €/KG","img":"https://fd8-photos.leclercdrive.fr/image.ashx?id=2617852&use=l&cat=p&typeid=i","cat":284451},{"id":212679,"n":"Céréales Coco Pops Chocos Kellogg's - 330g","p":2.69,"u":"8,15 €/KG","img":"https://fd8-photos.leclercdrive.fr/image.ashx?id=2571683&use=l&cat=p&typeid=i","cat":309513},{"id":212746,"n":"Lait bébé Calisma Gallia Pocket 2e âge 6-12 mois 504g","p":19.89,"u":"39,46 €/KG","img":"https://fd8-photos.leclercdrive.fr/image.ashx?id=2855067&use=l&cat=p&typeid=i","cat":284727},{"id":212749,"n":"Lait bébé Calisma Gallia Pocket 1er âge 0-6 mois 479g","p":13.11,"u":"27,14 €/KG","img":"https://fd8-photos.leclercdrive.fr/image.ashx?id=2983075&use=l&cat=p&typeid=i","cat":284726},{"id":212750,"n":"Petits pots bébé P'TIT SOUPER Pastasotto 12M+ - 2x200g","p":1.76,"u":"4,40 €/KG","img":"https://fd8-photos.leclercdrive.fr/image.ashx?id=2571863&use=l&cat=p&typeid=i","cat":312239},{"id":212757,"n":"Chocolat L'Atelier  Lait biscuit noisettes - 170g","p":3.13,"u":"18,41 €/KG","img":"https://fd8-photos.leclercdrive.fr/image.ashx?id=2674297&use=l&cat=p&typeid=i","cat":284497},{"id":212764,"n":"Gelée vin de Madère Maggi x2 - 48g","p":0.91,"u":"18,96 €/KG","img":"https://fd8-photos.leclercdrive.fr/image.ashx?id=2570748&use=l&cat=p&typeid=i","cat":288380},{"id":212770,"n":"Ail & poivre Ducros 45g","p":2.21,"u":"49,11 €/KG","img":"https://fd8-photos.leclercdrive.fr/image.ashx?id=2570166&use=l&cat=p&typeid=i","cat":298297},{"id":212771,"n":"Pepites de chocolats Vahiné  Noisettes - 100g","p":3.06,"u":"30,60 €/KG","img":"https://fd8-photos.leclercdrive.fr/image.ashx?id=2570190&use=l&cat=p&typeid=i","cat":284504},{"id":212773,"n":"Curry Balti Ducros - 39g","p":1.15,"u":"29,49 €/KG","img":"https://fd8-photos.leclercdrive.fr/image.ashx?id=2570169&use=l&cat=p&typeid=i","cat":298297},{"id":212812,"n":"Skyr Siggi's  Céréales Muesli - 2x140g","p":2.19,"u":"7,82 €/KG","img":"https://fd8-photos.leclercdrive.fr/image.ashx?id=3007954&use=l&cat=p&typeid=i","cat":315000},{"id":212817,"n":"Nettoyant vitres Ajax Triple action Recharge - 750ml","p":1.7,"u":"2,27 €/L","img":"https://fd8-photos.leclercdrive.fr/image.ashx?id=2842969&use=l&cat=p&typeid=i","cat":325363},{"id":212823,"n":"Nettoyant wc L'arbre Vert Romarin - 750ml","p":2.02,"u":"2,69 €/L","img":"https://fd8-photos.leclercdrive.fr/image.ashx?id=2734696&use=l&cat=p&typeid=i","cat":284662},{"id":212824,"n":"Poivre moulu Sainte Lucie Brésil - 45g","p":2.76,"u":"61,33 €/KG","img":"https://fd8-photos.leclercdrive.fr/image.ashx?id=2975173&use=l&cat=p&typeid=i","cat":284457},{"id":212826,"n":"Poivre et épices Ducros 200g","p":9.45,"u":"47,25 €/KG","img":"https://fd8-photos.leclercdrive.fr/image.ashx?id=2571194&use=l&cat=p&typeid=i","cat":284457},{"id":212827,"n":"Petites madeleines Bonne Maman Pur beurre - 235g","p":2.59,"u":"11,02 €/KG","img":"https://fd8-photos.leclercdrive.fr/image.ashx?id=2936269&use=l&cat=p&typeid=i","cat":284492},{"id":212829,"n":"Moulin Ducros 5 baies - 24g","p":1.75,"u":"72,92 €/KG","img":"https://fd8-photos.leclercdrive.fr/image.ashx?id=2571197&use=l&cat=p&typeid=i","cat":298297},{"id":212830,"n":"Gâteau Lotus Amandelice 312g (6x1p)","p":3.08,"u":"9,87 €/KG","img":"https://fd8-photos.leclercdrive.fr/image.ashx?id=2859821&use=l&cat=p&typeid=i","cat":294777},{"id":212902,"n":"Pile alcaline Varta  Longlife Power D - x2","p":5.8,"u":"2,90 €/P","img":"https://fd8-photos.leclercdrive.fr/image.ashx?id=2575819&use=l&cat=p&typeid=i","cat":300572},{"id":212922,"n":"Déboucheur Gel Destop  Spécial Cuisine - 1L","p":4.69,"u":"4,69 €/L","img":"https://fd8-photos.leclercdrive.fr/image.ashx?id=2572278&use=l&cat=p&typeid=i","cat":284908},{"id":212958,"n":"Prosecco Martini Collezione Speciale - 75cl","p":11.99,"u":"15,99 €/L","img":"https://fd8-photos.leclercdrive.fr/image.ashx?id=2572742&use=l&cat=p&typeid=i","cat":284544},{"id":212971,"n":"Barre Enrobage Blanc Lion x6 barres - 180g","p":2.81,"u":"15,61 €/KG","img":"https://fd8-photos.leclercdrive.fr/image.ashx?id=2813044&use=l&cat=p&typeid=i","cat":284498},{"id":213070,"n":"Mini Baguettes La Fournée Dorée Epeautre et Céréales x6 - 300g","p":2.19,"u":"7,30 €/KG","img":"https://fd8-photos.leclercdrive.fr/image.ashx?id=2794514&use=l&cat=p&typeid=i","cat":325069},{"id":213181,"n":"Dentifrice Elmex Sensitive Nettoyage fraîcheur - 2x75ml","p":9.95,"u":"66,33 €/L","img":"https://fd8-photos.leclercdrive.fr/image.ashx?id=2692878&use=l&cat=p&typeid=i","cat":284612},{"id":213189,"n":"Milky fromage enfant à tartiner Les Croisés 24 portions - 432g","p":3.59,"u":"8,31 €/KG","img":"https://fd8-photos.leclercdrive.fr/image.ashx?id=2791899&use=l&cat=p&typeid=i","cat":314030},{"id":213190,"n":"Milky fromage enfant à tartiner Les Croisés 12 portions - 216g","p":1.85,"u":"8,56 €/KG","img":"https://fd8-photos.leclercdrive.fr/image.ashx?id=2791914&use=l&cat=p&typeid=i","cat":314030},{"id":213200,"n":"Gaufrettes Quadro Cémoi Choco noisettes - 187g","p":2.09,"u":"11,18 €/KG","img":"https://fd8-photos.leclercdrive.fr/image.ashx?id=2654731&use=l&cat=p&typeid=i","cat":284488},{"id":213211,"n":"Pastis de Marseille Duval 45%vol - 50cl","p":10.05,"u":"20,10 €/L","img":"https://fd8-photos.leclercdrive.fr/image.ashx?id=2576630&use=l&cat=p&typeid=i","cat":284548},{"id":213212,"n":"Pastis de Marseille Duval 45%vol - 1.5L","p":27.03,"u":"18,02 €/L","img":"https://fd8-photos.leclercdrive.fr/image.ashx?id=2873375&use=l&cat=p&typeid=i","cat":284548},{"id":213213,"n":"Pastis de Marseille Duval  45%vol - 20cl","p":4.89,"u":"24,45 €/L","img":"https://fd8-photos.leclercdrive.fr/image.ashx?id=2686663&use=l&cat=p&typeid=i","cat":284548},{"id":213242,"n":"Céréales Coco Pops Kellogg's Original - 330g","p":3.22,"u":"9,76 €/KG","img":"https://fd8-photos.leclercdrive.fr/image.ashx?id=2577099&use=l&cat=p&typeid=i","cat":309513},{"id":213366,"n":"Toast nature Harrys Tranches épaisses - 250g","p":1.75,"u":"7,00 €/KG","img":"https://fd8-photos.leclercdrive.fr/image.ashx?id=2581253&use=l&cat=p&typeid=i","cat":285454},{"id":213393,"n":"Lait Cica Réparation Mixa Peaux Sèches, Sensibles - 250ml","p":5.19,"u":"20,76 €/L","img":"https://fd8-photos.leclercdrive.fr/image.ashx?id=2579032&use=l&cat=p&typeid=i","cat":325349},{"id":213394,"n":"Gel-Crème Hydratant Mixa Hypoallergénique - 50ml","p":5.89,"u":"11,78 €/L","img":"https://fd8-photos.leclercdrive.fr/image.ashx?id=2585804&use=l&cat=p&typeid=i","cat":325345},{"id":213395,"n":"Sérum hyalurogel Mixa Peau sensible - 30ml","p":5.54,"u":"184,67 €/L","img":"https://fd8-photos.leclercdrive.fr/image.ashx?id=2585807&use=l&cat=p&typeid=i","cat":325345},{"id":213396,"n":"Crème céramide Mixa 400ml","p":5.61,"u":"14,03 €/L","img":"https://fd8-photos.leclercdrive.fr/image.ashx?id=2579029&use=l&cat=p&typeid=i","cat":325350},{"id":213397,"n":"Lait Nourrissant Céramide Mixa Peaux sèches, sensibles - 250ml","p":4.62,"u":"18,48 €/L","img":"https://fd8-photos.leclercdrive.fr/image.ashx?id=2579035&use=l&cat=p&typeid=i","cat":325350},{"id":213401,"n":"Lait panthénol Mixa 250ml","p":4.62,"u":"18,48 €/L","img":"https://fd8-photos.leclercdrive.fr/image.ashx?id=2579038&use=l&cat=p&typeid=i","cat":325349},{"id":213403,"n":"Crème panthénol Mixa 400ml","p":8.49,"u":"21,23 €/L","img":"https://fd8-photos.leclercdrive.fr/image.ashx?id=2579026&use=l&cat=p&typeid=i","cat":325350},{"id":213420,"n":"Tablettes lave-vaisselle Sun Nettoyant machine - 2x60g","p":7.56,"u":"63,00 €/KG","img":"https://fd8-photos.leclercdrive.fr/image.ashx?id=2580242&use=l&cat=p&typeid=i","cat":284656},{"id":213423,"n":"Lessive All-In-1 Dash Pods Ambre et orchidée - 369g - x19","p":10.41,"u":"28,21 €/KG","img":"https://fd8-photos.leclercdrive.fr/image.ashx?id=2579694&use=l&cat=p&typeid=i","cat":284641},{"id":213432,"n":"Gel Corps et Cheveux Cadum Hypoallergenique - 750ml","p":4.99,"u":"6,65 €/L","img":"https://fd8-photos.leclercdrive.fr/image.ashx?id=2581798&use=l&cat=p&typeid=i","cat":284594},{"id":213443,"n":"Après-Shampoing Franck Provost Expert nutrition - 450ml","p":4.06,"u":"9,02 €/L","img":"https://fd8-photos.leclercdrive.fr/image.ashx?id=2581807&use=l&cat=p&typeid=i","cat":284607},{"id":213454,"n":"Petits pois Eco+ 1kg","p":1.52,"u":"1,52 €/KG","img":"https://fd8-photos.leclercdrive.fr/image.ashx?id=2796025&use=l&cat=p&typeid=i","cat":319805},{"id":213456,"n":"Quart de jambon sec Eco+ 14 tranches - 200g","p":2.33,"u":"11,65 €/KG","img":"https://fd8-photos.leclercdrive.fr/image.ashx?id=2579219&use=l&cat=p&typeid=i","cat":316007},{"id":213457,"n":"Cônes Eco+ Vanille fraise x8 - 512g","p":2.07,"u":"4,04 €/KG","img":"https://fd8-photos.leclercdrive.fr/image.ashx?id=2615576&use=l&cat=p&typeid=i","cat":284264},{"id":213458,"n":"Dés de poulet Eco+ 150g","p":1.69,"u":"11,27 €/KG","img":"https://fd8-photos.leclercdrive.fr/image.ashx?id=2930939&use=l&cat=p&typeid=i","cat":316011},{"id":213461,"n":"Fromage à Tartiner Tartare  Herbes de Provence - 250g","p":3.09,"u":"12,36 €/KG","img":"https://fd8-photos.leclercdrive.fr/image.ashx?id=2883955&use=l&cat=p&typeid=i","cat":314029},{"id":213464,"n":"Panés Spécial Burger Père Dodu  Chapelure Corn Flakes - x2 - 18","p":2.79,"u":"15,50 €/KG","img":"https://fd8-photos.leclercdrive.fr/image.ashx?id=2957221&use=l&cat=p&typeid=i","cat":333684},{"id":213487,"n":"Crème semi-épaisse UHT Délisse Entière - 30% MG - 2x25cl","p":3.21,"u":"6,42 €/L","img":"https://fd8-photos.leclercdrive.fr/image.ashx?id=2579396&use=l&cat=p&typeid=i","cat":284381},{"id":213528,"n":"Gel WC Canard 100% Détartrant - 750ml","p":2.39,"u":"3,19 €/L","img":"https://fd8-photos.leclercdrive.fr/image.ashx?id=2580194&use=l&cat=p&typeid=i","cat":284662},{"id":213537,"n":"Glace Viennetta Façon Cappuccino - 320g","p":2.69,"u":"8,41 €/KG","img":"https://fd8-photos.leclercdrive.fr/image.ashx?id=2580239&use=l&cat=p&typeid=i","cat":284266},{"id":213550,"n":"Litière chats Tous mes Amis Agglomérante charbon actif - 5L","p":3.5,"u":"0,70 €/L","img":"https://fd8-photos.leclercdrive.fr/image.ashx?id=2580258&use=l&cat=p&typeid=i","cat":284683},{"id":213555,"n":"Shampoing Nutrition Elsève Cheveux Fins, Secs - 300ml","p":4.89,"u":"16,30 €/L","img":"https://fd8-photos.leclercdrive.fr/image.ashx?id=2582243&use=l&cat=p&typeid=i","cat":284606},{"id":213557,"n":"Shampoing Boucles Elsève Cheveux très secs - 300ml","p":4.82,"u":"16,07 €/L","img":"https://fd8-photos.leclercdrive.fr/image.ashx?id=2582246&use=l&cat=p&typeid=i","cat":284606},{"id":213570,"n":"Gel douche Le Petit Marseillais Bois de cade & fougère  - 250ml","p":1.65,"u":"6,60 €/MT","img":"https://fd8-photos.leclercdrive.fr/image.ashx?id=2684545&use=l&cat=p&typeid=i","cat":284619},{"id":213575,"n":"Shampoing disciplinant Elsève Liss-Intense Cheveu sec - 350ml","p":4.5,"u":"12,86 €/L","img":"https://fd8-photos.leclercdrive.fr/image.ashx?id=2582255&use=l&cat=p&typeid=i","cat":284606},{"id":213581,"n":"Gel douche Cadum Crème d'amande - 450ml","p":2.85,"u":"6,33 €/L","img":"https://fd8-photos.leclercdrive.fr/image.ashx?id=2582273&use=l&cat=p&typeid=i","cat":284594},{"id":213582,"n":"Crème Douche surgras Bio Cadum Karité - 450ml","p":2.49,"u":"5,53 €/L","img":"https://fd8-photos.leclercdrive.fr/image.ashx?id=2580801&use=l&cat=p&typeid=i","cat":284594},{"id":213594,"n":"Tablette de chocolat Lindt  Noir pailleté gaufrette - 100g","p":2.89,"u":"28,90 €/KG","img":"https://fd8-photos.leclercdrive.fr/image.ashx?id=2750390&use=l&cat=p&typeid=i","cat":284956},{"id":213600,"n":"Crème Douche Nourrissante Cadum Huile de Coco Bio - 450ml","p":2.49,"u":"5,53 €/L","img":"https://fd8-photos.leclercdrive.fr/image.ashx?id=2582276&use=l&cat=p&typeid=i","cat":284594},{"id":213602,"n":"Crème Douche Nourrissante Cadum Miel de Fleurs bio - 450ml","p":2.49,"u":"5,53 €/L","img":"https://fd8-photos.leclercdrive.fr/image.ashx?id=2582279&use=l&cat=p&typeid=i","cat":284594},{"id":213604,"n":"Crème Douche Hydratation Cadum Huile d'Amandes Douces - 450ml","p":2.24,"u":"4,98 €/L","img":"https://fd8-photos.leclercdrive.fr/image.ashx?id=2582282&use=l&cat=p&typeid=i","cat":284594},{"id":213605,"n":"Crème de douche Cadum Fleur de coton - 450ml","p":2.85,"u":"6,33 €/L","img":"https://fd8-photos.leclercdrive.fr/image.ashx?id=2582285&use=l&cat=p&typeid=i","cat":284594},{"id":213606,"n":"Gel Douche Sans Savon Bio Cadum Huile d'Amandes Douces - 450ml","p":2.49,"u":"5,53 €/L","img":"https://fd8-photos.leclercdrive.fr/image.ashx?id=2582288&use=l&cat=p&typeid=i","cat":284594},{"id":213614,"n":"Lentilles corail Notre Jardin 500g","p":1.72,"u":"3,44 €/KG","img":"https://fd8-photos.leclercdrive.fr/image.ashx?id=2610726&use=l&cat=p&typeid=i","cat":284430},{"id":213687,"n":"Shampoing karité Franck Provost Cheveux Secs, très secs - 500ml","p":4.06,"u":"8,12 €/L","img":"https://fd8-photos.leclercdrive.fr/image.ashx?id=2581804&use=l&cat=p&typeid=i","cat":284606},{"id":213688,"n":"Shampoing Karité Franck Provost Cheveux Très Secs épais - 500ml","p":4.06,"u":"8,12 €/L","img":"https://fd8-photos.leclercdrive.fr/image.ashx?id=2582312&use=l&cat=p&typeid=i","cat":284606},{"id":213690,"n":"Shampoing Franck Provost Cheveux abîmés cassants - 500ml","p":4.06,"u":"8,12 €/L","img":"https://fd8-photos.leclercdrive.fr/image.ashx?id=2582315&use=l&cat=p&typeid=i","cat":284606},{"id":213691,"n":"Après-Shampooing Franck Provost Expert réparation - 450ml","p":4.06,"u":"9,02 €/L","img":"https://fd8-photos.leclercdrive.fr/image.ashx?id=2582318&use=l&cat=p&typeid=i","cat":284607},{"id":213692,"n":"Shampooing Franck Provost Cheveux colorés - 500ml","p":4.06,"u":"8,12 €/L","img":"https://fd8-photos.leclercdrive.fr/image.ashx?id=2582321&use=l&cat=p&typeid=i","cat":284606},{"id":213695,"n":"Recharge Gel douche Cadum Sans Sulfate - 500ml","p":2.89,"u":"5,78 €/L","img":"https://fd8-photos.leclercdrive.fr/image.ashx?id=2581810&use=l&cat=p&typeid=i","cat":284594},{"id":213703,"n":"Gel Corps et Cheveux Cadum Sans Sulfate - 400ml","p":3.37,"u":"8,43 €/L","img":"https://fd8-photos.leclercdrive.fr/image.ashx?id=2582270&use=l&cat=p&typeid=i","cat":284594},{"id":213722,"n":"Madeleine St Michel -30% de sucre 400g","p":2.02,"u":"5,05 €/KG","img":"https://fd8-photos.leclercdrive.fr/image.ashx?id=2962305&use=l&cat=p&typeid=i","cat":284492},{"id":213726,"n":"Ravioles à poêler Lustucru Chèvre - 280g","p":2.9,"u":"10,36 €/KG","img":"https://fd8-photos.leclercdrive.fr/image.ashx?id=2792390&use=l&cat=p&typeid=i","cat":333682},{"id":213742,"n":"Fritelle L'originale emmental 80g","p":1.13,"u":"14,13 €/KG","img":"https://fd8-photos.leclercdrive.fr/image.ashx?id=2582144&use=l&cat=p&typeid=i","cat":284449},{"id":213793,"n":"Burger Bacon Marie Boeuf Charolais Emmental - 190g","p":3.95,"u":"20,79 €/KG","img":"https://fd8-photos.leclercdrive.fr/image.ashx?id=2858615&use=l&cat=p&typeid=i","cat":333671},{"id":213794,"n":"Burger Rustique Marie Boeuf Charolais Emmental - 190g","p":3.95,"u":"20,79 €/KG","img":"https://fd8-photos.leclercdrive.fr/image.ashx?id=2858621&use=l&cat=p&typeid=i","cat":333671},{"id":213821,"n":"Brosse à dents Signal Soins gencives Extra souple x4","p":3.55,"u":"0,89 €/P","img":"https://fd8-photos.leclercdrive.fr/image.ashx?id=2805690&use=l&cat=p&typeid=i","cat":284614},{"id":213825,"n":"Soupline utra eveil 1.2l","p":6.59,"u":"5,49 €/L","img":"https://fd8-photos.leclercdrive.fr/image.ashx?id=2583491&use=l&cat=p&typeid=i","cat":284650},{"id":213830,"n":"Adoucissant Soupline concentré  3D Grand air - 1,35L","p":5.04,"u":"3,73 €/L","img":"https://fd8-photos.leclercdrive.fr/image.ashx?id=2924950&use=l&cat=p&typeid=i","cat":284650},{"id":213831,"n":"Spray Savon marseille La Croix 500ml","p":1.81,"u":"3,62 €/L","img":"https://fd8-photos.leclercdrive.fr/image.ashx?id=2583530&use=l&cat=p&typeid=i","cat":325357},{"id":213833,"n":"Colgate Chloro intense  75ml","p":1.3,"u":"17,33 €/L","img":"https://fd8-photos.leclercdrive.fr/image.ashx?id=2964231&use=l&cat=p&typeid=i","cat":284612},{"id":213834,"n":"Brosse à dents Colgate Extra-clean souple - x4","p":2.72,"u":"0,68 €/P","img":"https://fd8-photos.leclercdrive.fr/image.ashx?id=3011950&use=l&cat=p&typeid=i","cat":284614},{"id":213836,"n":"Dentifrice Colgate Ultra Brite  Haleine Fraîche - 75ml","p":1.38,"u":"18,40 €/L","img":"https://fd8-photos.leclercdrive.fr/image.ashx?id=2802845&use=l&cat=p&typeid=i","cat":284612},{"id":213857,"n":"Recharges WC Canard Fresh Disc  Fraîcheur Marine - 2x6 disques","p":5.99,"u":"3,00 €/P","img":"https://fd8-photos.leclercdrive.fr/image.ashx?id=2754824&use=l&cat=p&typeid=i","cat":284662},{"id":213868,"n":"Mélange pour salade Ducros 17g","p":3.46,"u":"203,53 €/KG","img":"https://fd8-photos.leclercdrive.fr/image.ashx?id=2583341&use=l&cat=p&typeid=i","cat":298297},{"id":213930,"n":"Fromage enfant La Vache qui rit Original 24P à tartiner - 384g","p":3.93,"u":"10,23 €/KG","img":"https://fd8-photos.leclercdrive.fr/image.ashx?id=2945451&use=l&cat=p&typeid=i","cat":314030},{"id":213953,"n":"Recharges WC Canard fresh disc Citron - 2x6 disques","p":5.99,"u":"3,00 €/P","img":"https://fd8-photos.leclercdrive.fr/image.ashx?id=2754821&use=l&cat=p&typeid=i","cat":284662},{"id":213954,"n":"Protège-slips Vania Pocket Normal - x30","p":2.55,"u":"0,09 €/P","img":"https://fd8-photos.leclercdrive.fr/image.ashx?id=2735245&use=l&cat=p&typeid=i","cat":284625},{"id":213958,"n":"Crème Corps Hydratante Mixa Peau très Sèche, terne - 400ml","p":7.36,"u":"18,40 €/L","img":"https://fd8-photos.leclercdrive.fr/image.ashx?id=2595767&use=l&cat=p&typeid=i","cat":325350},{"id":213961,"n":"Terrine chiens Tous Mes Amis Viandes carottes - 1.2kg","p":1.95,"u":"1,63 €/KG","img":"https://fd8-photos.leclercdrive.fr/image.ashx?id=3015590&use=l&cat=p&typeid=i","cat":288578},{"id":213964,"n":"Nettoyant ménager Ajax Maison pure Sureau - 1.25L","p":3.0,"u":"2,40 €/L","img":"https://fd8-photos.leclercdrive.fr/image.ashx?id=2585555&use=l&cat=p&typeid=i","cat":284907},{"id":213968,"n":"Eau minérale naturelle Vittel 6L","p":2.66,"u":"0,44 €/L","img":"https://fd8-photos.leclercdrive.fr/image.ashx?id=2585843&use=l&cat=p&typeid=i","cat":284535},{"id":214076,"n":"Céréales Frosties Kellogg's Miel & cacahuètes - 375g","p":3.7,"u":"9,87 €/KG","img":"https://fd8-photos.leclercdrive.fr/image.ashx?id=2601169&use=l&cat=p&typeid=i","cat":309513},{"id":214080,"n":"Supermario Pik Haribo Sachet bonbons acidulés - 180g","p":1.85,"u":"10,28 €/KG","img":"https://fd8-photos.leclercdrive.fr/image.ashx?id=2646152&use=l&cat=p&typeid=i","cat":304250},{"id":214087,"n":"Soda Coca-Cola Original Bouteille - 1,75L","p":2.39,"u":"1,37 €/L","img":"https://fd8-photos.leclercdrive.fr/image.ashx?id=2971745&use=l&cat=p&typeid=i","cat":284530},{"id":214105,"n":"Toast Brioché spécial foie gras Tranches épaisses Harrys 250G","p":1.75,"u":"7,00 €/KG","img":"https://fd8-photos.leclercdrive.fr/image.ashx?id=2587581&use=l&cat=p&typeid=i","cat":285454},{"id":214124,"n":"Jeu Super Sonic Super Teams Dès 6 ans","p":27.99,"img":"https://fd8-photos.leclercdrive.fr/image.ashx?id=2587719&use=l&cat=p&typeid=i","cat":334378},{"id":214132,"n":"Histoires Baby Mickey Dès 12 mois","p":24.82,"img":"https://fd8-photos.leclercdrive.fr/image.ashx?id=2587852&use=l&cat=p&typeid=i","cat":334379},{"id":214135,"n":"Mille bornes Mario Kart 2023 Dès 7 ans","p":25.99,"img":"https://fd8-photos.leclercdrive.fr/image.ashx?id=2587602&use=l&cat=p&typeid=i","cat":334378},{"id":214137,"n":"Cluedo Dès 8 ans","p":27.99,"img":"https://fd8-photos.leclercdrive.fr/image.ashx?id=2661012&use=l&cat=p&typeid=i","cat":334378},{"id":214182,"n":"Barbie Pop reveal cocktail Dès 3 ans","p":19.99,"pp":13.19,"img":"https://fd8-photos.leclercdrive.fr/image.ashx?id=2592192&use=l&cat=p&typeid=i","cat":334379},{"id":214215,"n":"UNO Marvel Dès 7 ans","p":23.99,"pp":15.83,"img":"https://fd8-photos.leclercdrive.fr/image.ashx?id=2587386&use=l&cat=p&typeid=i","cat":334378},{"id":214256,"n":"Fromage râpé Violife Saveur Mozzarella - 200g","p":2.15,"u":"10,75 €/KG","img":"https://fd8-photos.leclercdrive.fr/image.ashx?id=2603480&use=l&cat=p&typeid=i","cat":316070},{"id":214294,"n":"Shampooing Head & Shoulders Pure Intense - 2x250ml","p":9.53,"u":"19,06 €/L","img":"https://fd8-photos.leclercdrive.fr/image.ashx?id=2588130&use=l&cat=p&typeid=i","cat":284606},{"id":214301,"n":"Ampoule LED Osram 5.5W E14 - x3","p":7.9,"u":"Dont 0,86 € d'éco-part.","img":"https://fd8-photos.leclercdrive.fr/image.ashx?id=2656868&use=l&cat=p&typeid=i","cat":300573},{"id":214327,"n":"Déodorant Spray Dove Anti- Transpirant Beauty Finish 100ml","p":2.77,"u":"27,70 €/L","img":"https://fd8-photos.leclercdrive.fr/image.ashx?id=2987038&use=l&cat=p&typeid=i","cat":284595},{"id":214392,"n":"Gel douche Le Petit Marseillais Homme - Minéraux & bois - 250ml","p":1.45,"u":"5,80 €/L","img":"https://fd8-photos.leclercdrive.fr/image.ashx?id=2684548&use=l&cat=p&typeid=i","cat":284619},{"id":214393,"n":"Gel douche Le Petit Marseillais Homme - Pin & eucalyptus 250ml","p":1.45,"u":"5,80 €/L","img":"https://fd8-photos.leclercdrive.fr/image.ashx?id=2684551&use=l&cat=p&typeid=i","cat":284619},{"id":214394,"n":"Crème de douche Le Petit Marseillais Fleur coton 400ml","p":2.61,"u":"6,53 €/L","img":"https://fd8-photos.leclercdrive.fr/image.ashx?id=2947045&use=l&cat=p&typeid=i","cat":284594},{"id":214403,"n":"Lessive liquide Bonux L'original 50 Lavages - 2.25L","p":13.66,"u":"6,07 €/L","img":"https://fd8-photos.leclercdrive.fr/image.ashx?id=2881993&use=l&cat=p&typeid=i","cat":284640},{"id":214484,"n":"Capsule lave-vaisselle Sun Absolu Brillance x42 - 630g","p":11.48,"u":"18,22 €/KG","img":"https://fd8-photos.leclercdrive.fr/image.ashx?id=2590863&use=l&cat=p&typeid=i","cat":284656},{"id":214485,"n":"Capsule lave-vaisselle Sun Absolu Dégraissant x42 - 630g","p":12.97,"u":"20,59 €/KG","img":"https://fd8-photos.leclercdrive.fr/image.ashx?id=2590369&use=l&cat=p&typeid=i","cat":284656},{"id":214498,"n":"Tablette de chocolat noir  L'original Côte d'Or 100g","p":1.38,"u":"13,80 €/KG","img":"https://fd8-photos.leclercdrive.fr/image.ashx?id=2961221&use=l&cat=p&typeid=i","cat":284956},{"id":214515,"n":"Saucisson Le Familial Cochonou 530g","p":7.89,"u":"14,89 €/KG","img":"https://fd8-photos.leclercdrive.fr/image.ashx?id=2948935&use=l&cat=p&typeid=i","cat":316006},{"id":214567,"n":"Bonbon à sucer Ricola Framboise sans sucre - 50g","p":1.39,"u":"27,80 €/KG","img":"https://fd8-photos.leclercdrive.fr/image.ashx?id=2593014&use=l&cat=p&typeid=i","cat":304252},{"id":214622,"n":"Starter pack Beyblade quad Ambush basilik - Dès 8 ans","p":11.4,"img":"https://fd8-photos.leclercdrive.fr/image.ashx?id=2594902&use=l&cat=p&typeid=i","cat":334381},{"id":214623,"n":"Starter pack Beyblade quad Chain kerbeus - Dès 8 ans","p":11.4,"img":"https://fd8-photos.leclercdrive.fr/image.ashx?id=2632039&use=l&cat=p&typeid=i","cat":334381},{"id":214624,"n":"Starter pack Beyblade quad Hydra poseidon - Dès 8 ans","p":11.4,"img":"https://fd8-photos.leclercdrive.fr/image.ashx?id=2632042&use=l&cat=p&typeid=i","cat":334381},{"id":214625,"n":"Starter pack Beyblade quad Zeal achilles - Dès 8 ans","p":11.4,"img":"https://fd8-photos.leclercdrive.fr/image.ashx?id=2594905&use=l&cat=p&typeid=i","cat":334381},{"id":214627,"n":"Ferme avec tracteur Claas Dès 3 ans","p":20.3,"img":"https://fd8-photos.leclercdrive.fr/image.ashx?id=2593378&use=l&cat=p&typeid=i","cat":334380},{"id":214629,"n":"Batmobile + figurine 30 cm Dès 3 ans","p":40.69,"img":"https://fd8-photos.leclercdrive.fr/image.ashx?id=2593390&use=l&cat=p&typeid=i","cat":334380},{"id":214631,"n":"Peluche Marvel groot 45 cm Dès 1 an","p":27.9,"u":"Dont 0,20 € d'éco-part.","img":"https://fd8-photos.leclercdrive.fr/image.ashx?id=2593423&use=l&cat=p&typeid=i","cat":334379},{"id":214632,"n":"Les petites histoires de Marcus Pat'Patrouille - Dès 2 ans","p":35.65,"u":"Dont 0,41 € d'éco-part.","img":"https://fd8-photos.leclercdrive.fr/image.ashx?id=2593447&use=l&cat=p&typeid=i","cat":334380},{"id":214636,"n":"Tablette Storio Max 2.0 VTech Bleue - Dès 3 ans","p":126.42,"u":"Dont 0,20 € d'éco-part.","img":"https://fd8-photos.leclercdrive.fr/image.ashx?id=2593426&use=l&cat=p&typeid=i","cat":334378},{"id":214637,"n":"Kidicom Max 3.0 + étui VTech Bleu - Dès 3 ans","p":114.76,"u":"Dont 0,10 € d'éco-part.","img":"https://fd8-photos.leclercdrive.fr/image.ashx?id=2593432&use=l&cat=p&typeid=i","cat":334378},{"id":214641,"n":"Manon Lumi mouton Nuit Etoilée De 0 à 6 mois","p":27.94,"u":"Dont 0,10 € d'éco-part.","img":"https://fd8-photos.leclercdrive.fr/image.ashx?id=2593357&use=l&cat=p&typeid=i","cat":334379},{"id":214643,"n":"Le livre-jeu éducatif VTech Mickey - Dès 3 ans","p":31.63,"u":"Dont 0,20 € d'éco-part.","img":"https://fd8-photos.leclercdrive.fr/image.ashx?id=2593411&use=l&cat=p&typeid=i","cat":334378},{"id":214648,"n":"Nouilles Banzai Noodle bœuf  cup - 67g","p":1.09,"u":"16,27 €/KG","img":"https://fd8-photos.leclercdrive.fr/image.ashx?id=2730001&use=l&cat=p&typeid=i","cat":288992},{"id":214653,"n":"Biscuits Mulino Bianco Tenerezze Citron - 200g","p":3.75,"u":"18,75 €/KG","img":"https://fd8-photos.leclercdrive.fr/image.ashx?id=2593137&use=l&cat=p&typeid=i","cat":289010},{"id":214723,"n":"Biscuit bébé Kiddylicious  Wafers fraise dès 6 mois 4x2p","p":1.55,"u":"96,88 €/KG","img":"https://fd8-photos.leclercdrive.fr/image.ashx?id=2929152&use=l&cat=p&typeid=i","cat":312394},{"id":214724,"n":"Biscuit bébé Kiddylicious Wafers Banane dès 6 mois (4x2p)","p":1.55,"u":"96,88 €/KG","img":"https://fd8-photos.leclercdrive.fr/image.ashx?id=2929149&use=l&cat=p&typeid=i","cat":312394},{"id":214725,"n":"Biscuits bébé Kiddylicious  Soft Biscotti Pomme 6x2p","p":2.86,"u":"23,83 €/KG","img":"https://fd8-photos.leclercdrive.fr/image.ashx?id=2929146&use=l&cat=p&typeid=i","cat":312394},{"id":214728,"n":"Biscuits bébé Kiddylicious Saveur légumes dès 9 mois 4x12g","p":3.0,"u":"62,50 €/KG","img":"https://fd8-photos.leclercdrive.fr/image.ashx?id=2929140&use=l&cat=p&typeid=i","cat":312394},{"id":214762,"n":"Nouilles Banzai Noodle poulet  cup - 67g","p":1.09,"u":"16,27 €/KG","img":"https://fd8-photos.leclercdrive.fr/image.ashx?id=2730004&use=l&cat=p&typeid=i","cat":288992},{"id":214778,"n":"Lait en poudre bio Modilac 2ème âge - 800g","p":21.99,"u":"27,49 €/KG","img":"https://fd8-photos.leclercdrive.fr/image.ashx?id=2981172&use=l&cat=p&typeid=i","cat":284727},{"id":214779,"n":"Lait en poudre bio Modilac Croissance - 800g","p":18.65,"u":"23,31 €/KG","img":"https://fd8-photos.leclercdrive.fr/image.ashx?id=2981175&use=l&cat=p&typeid=i","cat":290219},{"id":214783,"n":"Petits pots bébé P'TITE RECETTE Bio Pot au feu 8M+ - 2x190g","p":2.2,"u":"5,79 €/KG","img":"https://fd8-photos.leclercdrive.fr/image.ashx?id=2658096&use=l&cat=p&typeid=i","cat":312236},{"id":214809,"n":"Capsule Nescafé Dolce Gusto Neo  Lungo - x12","p":4.21,"pp":2.78,"u":"40,29 €/KG","img":"https://fd8-photos.leclercdrive.fr/image.ashx?id=2775041&use=l&cat=p&typeid=i","cat":293241},{"id":214810,"n":"Capsule Nescafé Dolce Gusto Neo  Grande - x12","p":4.32,"pp":2.85,"u":"33,93 €/KG","img":"https://fd8-photos.leclercdrive.fr/image.ashx?id=2947225&use=l&cat=p&typeid=i","cat":293241},{"id":214811,"n":"Capsule Nescafé Dolce Gusto Neo  Hot Chocolate - x12","p":4.33,"pp":2.86,"u":"13,24 €/KG","img":"https://fd8-photos.leclercdrive.fr/image.ashx?id=2927702&use=l&cat=p&typeid=i","cat":293241},{"id":214812,"n":"Capsule Nescafé Dolce Gusto Neo  Cappuccino - x6 - 122g","p":4.31,"pp":2.84,"u":"23,28 €/KG","img":"https://fd8-photos.leclercdrive.fr/image.ashx?id=2947228&use=l&cat=p&typeid=i","cat":293241},{"id":214814,"n":"Ail en semoule Ducro 335g","p":8.89,"u":"26,54 €/KG","img":"https://fd8-photos.leclercdrive.fr/image.ashx?id=2595665&use=l&cat=p&typeid=i","cat":298297},{"id":214835,"n":"Pastis 51 1L - 45%","p":19.64,"u":"19,64 €/L","img":"https://fd8-photos.leclercdrive.fr/image.ashx?id=2595212&use=l&cat=p&typeid=i","cat":284548},{"id":214848,"n":"Champignons blancs de Paris  Eco+ - 200g","p":0.95,"u":"4,75 €/KG","img":"https://fd8-photos.leclercdrive.fr/image.ashx?id=2742685&use=l&cat=p&typeid=i","cat":284352},{"id":214849,"n":"Shampooing Head & Shoulders DermaxPro revitalisant - 450ml","p":9.3,"u":"20,67 €/L","img":"https://fd8-photos.leclercdrive.fr/image.ashx?id=2595413&use=l&cat=p&typeid=i","cat":284606},{"id":214869,"n":"Poupée Cutie Reveal Barbie Caniche - Dès 3 ans","p":21.36,"img":"https://fd8-photos.leclercdrive.fr/image.ashx?id=2595176&use=l&cat=p&typeid=i","cat":334379},{"id":214871,"n":"Poupée Cutie Reveal Barbie Lion - Dès 3 ans","p":25.39,"pp":16.76,"img":"https://fd8-photos.leclercdrive.fr/image.ashx?id=2595182&use=l&cat=p&typeid=i","cat":334379},{"id":214900,"n":"Rénovateur d'émail Rubson Vernis - Blanc - 12ml","p":8.63,"u":"719,17 €/L","img":"https://fd8-photos.leclercdrive.fr/image.ashx?id=2595218&use=l&cat=p&typeid=i","cat":300576},{"id":214901,"n":"Blanchisseur joints carrelage Rubson - 7ml","p":5.7,"u":"814,29 €/L","img":"https://fd8-photos.leclercdrive.fr/image.ashx?id=2595221&use=l&cat=p&typeid=i","cat":300576},{"id":214902,"n":"Colle Loctite Super glue 3 - 20g","p":18.42,"u":"921,00 €/KG","img":"https://fd8-photos.leclercdrive.fr/image.ashx?id=2595215&use=l&cat=p&typeid=i","cat":300576},{"id":214903,"n":"Colle ni clous ni vis Pattex Extra forte et rapide - 260g","p":9.61,"u":"36,96 €/KG","img":"https://fd8-photos.leclercdrive.fr/image.ashx?id=2664431&use=l&cat=p&typeid=i","cat":300576},{"id":215000,"n":"Crème de Marron Clement Faugier 992g","p":5.19,"u":"5,23 €/KG","img":"https://fd8-photos.leclercdrive.fr/image.ashx?id=3004393&use=l&cat=p&typeid=i","cat":284481},{"id":215016,"n":"Croutons nature Tipiak 220g","p":2.83,"u":"12,86 €/KG","img":"https://fd8-photos.leclercdrive.fr/image.ashx?id=2842061&use=l&cat=p&typeid=i","cat":284464},{"id":215017,"n":"Croutons ail Tipiak 220g","p":2.75,"u":"12,50 €/KG","img":"https://fd8-photos.leclercdrive.fr/image.ashx?id=2688872&use=l&cat=p&typeid=i","cat":284464},{"id":215034,"n":"Tendre poulet Fleury Michon Rôti Sans nitrite x4 - 130g","p":2.38,"u":"18,31 €/KG","img":"https://fd8-photos.leclercdrive.fr/image.ashx?id=2956361&use=l&cat=p&typeid=i","cat":316010},{"id":215041,"n":"Lasagnes à la Bolognaise  Fleury Michon - 300g","p":3.99,"u":"13,30 €/KG","img":"https://fd8-photos.leclercdrive.fr/image.ashx?id=3003242&use=l&cat=p&typeid=i","cat":333665},{"id":215056,"n":"Recharge Lessive liquide  Rainett - Bicarbonate 1.6L","p":6.95,"u":"4,34 €/L","img":"https://fd8-photos.leclercdrive.fr/image.ashx?id=2940291&use=l&cat=p&typeid=i","cat":284640},{"id":215122,"n":"Pâtes Alpina Perle - 500g","p":1.45,"u":"2,90 €/KG","img":"https://fd8-photos.leclercdrive.fr/image.ashx?id=2789859&use=l&cat=p&typeid=i","cat":284427},{"id":215139,"n":"Steak haché Tendre & Plus Façon bouchère 15%MG x8 - 1kg","p":16.22,"u":"16,22 €/KG","img":"https://fd8-photos.leclercdrive.fr/image.ashx?id=2748362&use=l&cat=p&typeid=i","cat":319778},{"id":215172,"n":"Gambas ASC Pêche Océan Décortiquées & cuites - 110g","p":3.65,"u":"33,18 €/KG","img":"https://fd8-photos.leclercdrive.fr/image.ashx?id=2953656&use=l&cat=p&typeid=i","cat":284343},{"id":215176,"n":"Mini nems Tables du Monde Crevettes légumes x10 - 220g","p":2.99,"u":"13,59 €/KG","img":"https://fd8-photos.leclercdrive.fr/image.ashx?id=2908864&use=l&cat=p&typeid=i","cat":333673},{"id":215207,"n":"Dentifrice Oral-B 3D White Advanced Luxe perfection - 75ml","p":4.32,"u":"57,60 €/L","img":"https://fd8-photos.leclercdrive.fr/image.ashx?id=2737543&use=l&cat=p&typeid=i","cat":284612},{"id":215209,"n":"Spray nettoyant La Croix Bicarbonate de soude - 500ml","p":1.81,"u":"3,62 €/L","img":"https://fd8-photos.leclercdrive.fr/image.ashx?id=2597609&use=l&cat=p&typeid=i","cat":325357},{"id":215211,"n":"Dentifrice Oral-B Pro-science Advanced Nettoyage intense 75ml","p":5.1,"u":"68,00 €/L","img":"https://fd8-photos.leclercdrive.fr/image.ashx?id=2737789&use=l&cat=p&typeid=i","cat":284612},{"id":215213,"n":"Sérum visage repulpant Garnier Acide Hyaluronique & Aloe Vera","p":7.39,"u":"246,33 €/L","img":"https://fd8-photos.leclercdrive.fr/image.ashx?id=2979911&use=l&cat=p&typeid=i","cat":325345},{"id":215214,"n":"Brossettes Oral-B Pro Sensitive clean - x2","p":13.45,"u":"6,73 €/PRT","img":"https://fd8-photos.leclercdrive.fr/image.ashx?id=2909254&use=l&cat=p&typeid=i","cat":297133},{"id":215215,"n":"Rasoir électrique Wilkinson Intuition Bikini - x1","p":17.09,"u":"Dont 0,07 € d'éco-part.","img":"https://fd8-photos.leclercdrive.fr/image.ashx?id=2597531&use=l&cat=p&typeid=i","cat":325352},{"id":215216,"n":"Lames rasoir Wilkinson Intuition - 2 en 1 - 3 lames","p":9.37,"u":"3,12 €/P","img":"https://fd8-photos.leclercdrive.fr/image.ashx?id=2849427&use=l&cat=p&typeid=i","cat":325352},{"id":215238,"n":"Menu complet Lapin 3KG","p":6.6,"u":"2,20 €/KG","img":"https://fd8-photos.leclercdrive.fr/image.ashx?id=2646815&use=l&cat=p&typeid=i","cat":284677},{"id":215239,"n":"Menu complet Tous Mes Amis 800g","p":1.88,"u":"2,35 €/KG","img":"https://fd8-photos.leclercdrive.fr/image.ashx?id=2646812&use=l&cat=p&typeid=i","cat":284677},{"id":215311,"n":"P'tit biscuit Nestlé 180g","p":1.63,"u":"9,06 €/KG","img":"https://fd8-photos.leclercdrive.fr/image.ashx?id=2737225&use=l&cat=p&typeid=i","cat":312227},{"id":215312,"n":"Ampoule Osram Led Standard  4W=60W E27","p":13.05,"u":"Dont 0,12 € d'éco-part.","img":"https://fd8-photos.leclercdrive.fr/image.ashx?id=2668638&use=l&cat=p&typeid=i","cat":300573},{"id":215377,"n":"Fromage Persillée Bresse Bleu Le véritable - 200g","p":2.45,"u":"12,25 €/KG","img":"https://fd8-photos.leclercdrive.fr/image.ashx?id=2927486&use=l&cat=p&typeid=i","cat":314032},{"id":215378,"n":"Sérum Visage Post-Acné Nivea Anti-taches Luminous - 30ml","p":21.88,"u":"729,33 €/L","img":"https://fd8-photos.leclercdrive.fr/image.ashx?id=2836124&use=l&cat=p&typeid=i","cat":325345},{"id":215581,"n":"Bouchées chocolats mon chéri  x30 - 315g","p":8.79,"u":"27,90 €/KG","img":"https://fd8-photos.leclercdrive.fr/image.ashx?id=2952923&use=l&cat=p&typeid=i","cat":327601},{"id":215644,"n":"Coffret cadeau carré or Hamlet Chocolats belges 250g","p":11.95,"u":"47,80 €/KG","img":"https://fd8-photos.leclercdrive.fr/image.ashx?id=2882062&use=l&cat=p&typeid=i","cat":327595},{"id":215739,"n":"Galak Chocolat Noël Mini Figurines - 147g","p":5.45,"u":"37,07 €/KG","img":"https://fd8-photos.leclercdrive.fr/image.ashx?id=2897375&use=l&cat=p&typeid=i","cat":327592},{"id":215749,"n":"Authentique Revillon Noir et  Lait- 360g","p":8.75,"u":"24,31 €/KG","img":"https://fd8-photos.leclercdrive.fr/image.ashx?id=2618399&use=l&cat=p&typeid=i","cat":327597},{"id":215890,"n":"Piles alcalines Varta V23GA - x2","p":5.16,"u":"2,58 €/P","img":"https://fd8-photos.leclercdrive.fr/image.ashx?id=2600770&use=l&cat=p&typeid=i","cat":300572},{"id":215917,"n":"Liquide de Rinçage Finish  800ml","p":6.15,"u":"7,69 €/L","img":"https://fd8-photos.leclercdrive.fr/image.ashx?id=2864678&use=l&cat=p&typeid=i","cat":284657},{"id":215932,"n":"Eponges Spontex Fibres recyclées - x2","p":1.02,"u":"0,51 €/P","img":"https://fd8-photos.leclercdrive.fr/image.ashx?id=2758078&use=l&cat=p&typeid=i","cat":284667},{"id":215941,"n":"Savon solide Briochin bio Argile verte - 100g","p":3.12,"u":"31,20 €/KG","img":"https://fd8-photos.leclercdrive.fr/image.ashx?id=2601578&use=l&cat=p&typeid=i","cat":284597},{"id":215947,"n":"Savon mains pompe  Sans parfum - 290ml","p":4.09,"u":"14,10 €/L","img":"https://fd8-photos.leclercdrive.fr/image.ashx?id=2769705&use=l&cat=p&typeid=i","cat":284597},{"id":215981,"n":"Petits pois D'Aucy Extra tendres - 3x560g","p":5.59,"u":"3,33 €/KG","img":"https://fd8-photos.leclercdrive.fr/image.ashx?id=2601404&use=l&cat=p&typeid=i","cat":312607},{"id":216007,"n":"Petits pots bébé P'TIT SOUPER Quinotto carottes 8M+ - 2x200g","p":1.76,"u":"4,40 €/KG","img":"https://fd8-photos.leclercdrive.fr/image.ashx?id=2737762&use=l&cat=p&typeid=i","cat":312239},{"id":216014,"n":"Feta bio Bio Village 150g","p":2.49,"u":"16,60 €/KG","img":"https://fd8-photos.leclercdrive.fr/image.ashx?id=2615813&use=l&cat=p&typeid=i","cat":314026},{"id":216027,"n":"Ampoule Led standard Osram 13w E27 - Dépolie radiateur x3","p":13.19,"u":"Dont 0,36 € d'éco-part.","img":"https://fd8-photos.leclercdrive.fr/image.ashx?id=2653999&use=l&cat=p&typeid=i","cat":300573},{"id":216028,"n":"Ampoule Led standard Osram 13w E27 - Dépolie radiateur x3","p":12.35,"u":"Dont 0,36 € d'éco-part.","img":"https://fd8-photos.leclercdrive.fr/image.ashx?id=2654011&use=l&cat=p&typeid=i","cat":300573},{"id":216093,"n":"Chips Tortilla Doritos Goût barbecue style - 160g","p":2.09,"u":"13,06 €/KG","img":"https://fd8-photos.leclercdrive.fr/image.ashx?id=2880718&use=l&cat=p&typeid=i","cat":287899},{"id":216095,"n":"Chips Tortilla Doritos Goût nacho cheese - 160g","p":1.53,"u":"9,56 €/KG","img":"https://fd8-photos.leclercdrive.fr/image.ashx?id=2990478&use=l&cat=p&typeid=i","cat":287899},{"id":216096,"n":"Chips Tortilla Doritos Goût Nature Sel - 160g","p":1.99,"u":"12,44 €/KG","img":"https://fd8-photos.leclercdrive.fr/image.ashx?id=2880715&use=l&cat=p&typeid=i","cat":287899},{"id":216097,"n":"Chips Tortilla Doritos Goût paprika - 160g","p":2.09,"u":"13,06 €/KG","img":"https://fd8-photos.leclercdrive.fr/image.ashx?id=2890091&use=l&cat=p&typeid=i","cat":287899},{"id":216098,"n":"Chips Tortilla Doritos Goût sweet chili - 160g","p":2.01,"u":"12,56 €/KG","img":"https://fd8-photos.leclercdrive.fr/image.ashx?id=2990475&use=l&cat=p&typeid=i","cat":287899},{"id":216099,"n":"Chips Tortilla Doritos Goût sour cream - 160g","p":2.09,"u":"13,06 €/KG","img":"https://fd8-photos.leclercdrive.fr/image.ashx?id=2890088&use=l&cat=p&typeid=i","cat":287899},{"id":216123,"n":"Yaourt Fruits Panier de Yoplait Panaché - 16x125g","p":4.18,"u":"2,09 €/KG","img":"https://fd8-photos.leclercdrive.fr/image.ashx?id=2884489&use=l&cat=p&typeid=i","cat":284410},{"id":216126,"n":"Yaourt Panier de Yoplait Fruits Rouges 0%Mg - 8x125g","p":2.98,"u":"2,98 €/KG","img":"https://fd8-photos.leclercdrive.fr/image.ashx?id=2830399&use=l&cat=p&typeid=i","cat":284410},{"id":216127,"n":"Yaourts Panier de Yoplait  0% Panachés - 12x125g","p":4.63,"u":"3,09 €/KG","img":"https://fd8-photos.leclercdrive.fr/image.ashx?id=2884492&use=l&cat=p&typeid=i","cat":284410},{"id":216128,"n":"Yaourt Fruits Panier de Yoplait Panaché 0%Mg - 16x125g","p":4.59,"u":"2,30 €/KG","img":"https://fd8-photos.leclercdrive.fr/image.ashx?id=2884495&use=l&cat=p&typeid=i","cat":284410},{"id":216295,"n":"Raclette nature Eco+ 400g","p":3.37,"u":"8,43 €/KG","img":"https://fd8-photos.leclercdrive.fr/image.ashx?id=2611852&use=l&cat=p&typeid=i","cat":314037},{"id":216303,"n":"Riz Méditerranée Ben's original  Express 2mn - 220g","p":1.65,"u":"6,60 €/KG","img":"https://fd8-photos.leclercdrive.fr/image.ashx?id=2995301&use=l&cat=p&typeid=i","cat":287600},{"id":216351,"n":"Émincés de porc Cacahuète L'Atelier Boucherie - 300g","p":4.59,"u":"15,30 €/KG","img":"https://fd8-photos.leclercdrive.fr/image.ashx?id=2854291&use=l&cat=p&typeid=i","cat":284331},{"id":216352,"n":"Émincés de porc thaï L'Atelier Boucherie - 300g","p":4.59,"u":"15,30 €/KG","img":"https://fd8-photos.leclercdrive.fr/image.ashx?id=2854294&use=l&cat=p&typeid=i","cat":284331},{"id":216353,"n":"Émincés de porc caramel L'Atelier Boucherie - 300g","p":4.59,"u":"15,30 €/KG","img":"https://fd8-photos.leclercdrive.fr/image.ashx?id=2854297&use=l&cat=p&typeid=i","cat":284331},{"id":216383,"n":"Émincés de boeuf chinois L'Atelier Boucherie - 200g","p":4.79,"u":"23,95 €/KG","img":"https://fd8-photos.leclercdrive.fr/image.ashx?id=2854288&use=l&cat=p&typeid=i","cat":284328},{"id":216392,"n":"Rhum Bacardi Reserva 8 ans 40%vol. - 70cl","p":28.83,"u":"41,19 €/L","img":"https://fd8-photos.leclercdrive.fr/image.ashx?id=2606406&use=l&cat=p&typeid=i","cat":284550},{"id":216395,"n":"Émincés de veau Tomates Herbes L'Atelier Boucherie - 200g","p":4.79,"u":"23,95 €/KG","img":"https://fd8-photos.leclercdrive.fr/image.ashx?id=2854285&use=l&cat=p&typeid=i","cat":284329},{"id":216463,"n":"Lingettes désinfectantes St  Marc Anti-Bactériennes - x80","p":2.49,"u":"0,03 €/P","img":"https://fd8-photos.leclercdrive.fr/image.ashx?id=2811341&use=l&cat=p&typeid=i","cat":325358},{"id":216519,"n":"Skyr Siggi's  Stracciatella - 2x140g","p":2.34,"u":"8,36 €/KG","img":"https://fd8-photos.leclercdrive.fr/image.ashx?id=2606885&use=l&cat=p&typeid=i","cat":315000},{"id":216520,"n":"Skyr Siggi's  Noix de Coco - 2x140g","p":2.21,"u":"7,89 €/KG","img":"https://fd8-photos.leclercdrive.fr/image.ashx?id=2938623&use=l&cat=p&typeid=i","cat":315000},{"id":216525,"n":"Nesquik Chocoballs 4x120g","p":2.49,"u":"5,19 €/KG","img":"https://fd8-photos.leclercdrive.fr/image.ashx?id=2606876&use=l&cat=p&typeid=i","cat":284414},{"id":216596,"n":"Pâte à tartiner Andros be nuts Cacahuète croquant - 325g","p":3.49,"u":"10,74 €/KG","img":"https://fd8-photos.leclercdrive.fr/image.ashx?id=2906484&use=l&cat=p&typeid=i","cat":284481},{"id":216597,"n":"Pâte à tartiner Andros be nuts Cacahuète crémeux - 325g","p":3.55,"u":"10,92 €/KG","img":"https://fd8-photos.leclercdrive.fr/image.ashx?id=2916201&use=l&cat=p&typeid=i","cat":284481},{"id":216629,"n":"Soda Twist Pik Haribo Sachet bonbons acidulés - 190g","p":2.09,"u":"11,00 €/KG","img":"https://fd8-photos.leclercdrive.fr/image.ashx?id=2984958&use=l&cat=p&typeid=i","cat":304250},{"id":216713,"n":"Qui est-ce ?  Version Astérix - dès 6 ans","p":21.6,"img":"https://fd8-photos.leclercdrive.fr/image.ashx?id=2612766&use=l&cat=p&typeid=i","cat":334378},{"id":216714,"n":"Match Astérix Dès 4 ans","p":14.65,"img":"https://fd8-photos.leclercdrive.fr/image.ashx?id=2609016&use=l&cat=p&typeid=i","cat":334378},{"id":216772,"n":"Desserts Lactés P'TIT ONCTUEUX Pomme 6M+ - 4x90g","p":1.7,"u":"4,72 €/KG","img":"https://fd8-photos.leclercdrive.fr/image.ashx?id=2737765&use=l&cat=p&typeid=i","cat":312392},{"id":216869,"n":"Coussin Black Panther Marvel 1p","p":15.99,"pp":10.55,"img":"https://fd8-photos.leclercdrive.fr/image.ashx?id=2609686&use=l&cat=p&typeid=i","cat":334379},{"id":216870,"n":"Coussin Groot Marvel 1p","p":15.99,"pp":10.55,"img":"https://fd8-photos.leclercdrive.fr/image.ashx?id=2609689&use=l&cat=p&typeid=i","cat":334379},{"id":216872,"n":"Coussin Hulk Marvel 1p","p":15.99,"pp":10.55,"img":"https://fd8-photos.leclercdrive.fr/image.ashx?id=2609692&use=l&cat=p&typeid=i","cat":334379},{"id":216873,"n":"Cousin Iron Man Marvel 1p","p":15.9,"pp":10.49,"img":"https://fd8-photos.leclercdrive.fr/image.ashx?id=2609695&use=l&cat=p&typeid=i","cat":334379},{"id":216898,"n":"Circuit Super Mario Hot Wheels Royaume de la jungle -Dès 5 ans","p":43.93,"pp":28.99,"img":"https://fd8-photos.leclercdrive.fr/image.ashx?id=2609707&use=l&cat=p&typeid=i","cat":334382},{"id":216899,"n":"Animalerie transportable Playmobil - Dès 3 ans","p":52.9,"img":"https://fd8-photos.leclercdrive.fr/image.ashx?id=2609950&use=l&cat=p&typeid=i","cat":334380},{"id":216999,"n":"Pétales céréales Grainea Nature - 750g","p":2.99,"u":"3,99 €/KG","img":"https://fd8-photos.leclercdrive.fr/image.ashx?id=2927869&use=l&cat=p&typeid=i","cat":309512},{"id":217003,"n":"Céréales coco pops Kellogg's Au chocolat - 550g","p":4.01,"u":"7,29 €/KG","img":"https://fd8-photos.leclercdrive.fr/image.ashx?id=2611080&use=l&cat=p&typeid=i","cat":309513},{"id":217043,"n":"Coussin Captain America Marvel 1p","p":15.99,"pp":10.55,"img":"https://fd8-photos.leclercdrive.fr/image.ashx?id=2609701&use=l&cat=p&typeid=i","cat":334379},{"id":217096,"n":"Boisson énergisante Crazy Tiger Tropical - 1L","p":1.7,"u":"1,70 €/L","img":"https://fd8-photos.leclercdrive.fr/image.ashx?id=2861078&use=l&cat=p&typeid=i","cat":284533},{"id":217097,"n":"Boisson énergisante Crazy Tiger Cerise - 1L","p":1.74,"u":"1,74 €/L","img":"https://fd8-photos.leclercdrive.fr/image.ashx?id=2859509&use=l&cat=p&typeid=i","cat":284533},{"id":217134,"n":"Puissance 4  Version Astérix - 6+","p":19.68,"img":"https://fd8-photos.leclercdrive.fr/image.ashx?id=2611077&use=l&cat=p&typeid=i","cat":334378},{"id":217136,"n":"Risk  Version Astérix","p":32.9,"img":"https://fd8-photos.leclercdrive.fr/image.ashx?id=2611068&use=l&cat=p&typeid=i","cat":334378},{"id":217138,"n":"La Bonne Paye  Version Astérix - 8+","p":24.5,"img":"https://fd8-photos.leclercdrive.fr/image.ashx?id=2611074&use=l&cat=p&typeid=i","cat":334378},{"id":217139,"n":"Cluedo  Version Astérix","p":24.9,"img":"https://fd8-photos.leclercdrive.fr/image.ashx?id=2611071&use=l&cat=p&typeid=i","cat":334378},{"id":217237,"n":"Crème visage hydratante L'Oréal Men Expert - 50ml","p":4.81,"u":"96,20 €/L","img":"https://fd8-photos.leclercdrive.fr/image.ashx?id=2613573&use=l&cat=p&typeid=i","cat":284622},{"id":217256,"n":"Champignons de Paris blancs Panier du Primeur - 400g","p":2.39,"u":"5,98 €/KG","img":"https://fd8-photos.leclercdrive.fr/image.ashx?id=2610765&use=l&cat=p&typeid=i","cat":284352},{"id":217543,"n":"Papillotes Revillon Lait Pralinés d'exception - 340g","p":12.59,"u":"37,03 €/KG","img":"https://fd8-photos.leclercdrive.fr/image.ashx?id=2614011&use=l&cat=p&typeid=i","cat":327597},{"id":217558,"n":"Concentré Antésite Réglisse-Citron - 13cl","p":3.44,"u":"26,46 €/L","img":"https://fd8-photos.leclercdrive.fr/image.ashx?id=2850464&use=l&cat=p&typeid=i","cat":295020},{"id":217612,"n":"Café en grain Plantation Pur arabica - 1kg","p":13.06,"u":"13,06 €/KG","img":"https://fd8-photos.leclercdrive.fr/image.ashx?id=2824307&use=l&cat=p&typeid=i","cat":293237},{"id":217671,"n":"Dosettes Senseo Classique 2x60 dosettes - 832g","p":16.65,"u":"20,01 €/KG","img":"https://fd8-photos.leclercdrive.fr/image.ashx?id=2765429&use=l&cat=p&typeid=i","cat":293238},{"id":217675,"n":"Dosettes Senseo Corsé 2x60 dosettes - 832g","p":16.55,"u":"19,89 €/KG","img":"https://fd8-photos.leclercdrive.fr/image.ashx?id=2765432&use=l&cat=p&typeid=i","cat":293238},{"id":217692,"n":"Liquide vaisselle Sun Optimum Booster - 2x450ml","p":12.49,"u":"13,88 €/L","img":"https://fd8-photos.leclercdrive.fr/image.ashx?id=2640902&use=l&cat=p&typeid=i","cat":284657},{"id":217696,"n":"Déodorant bille Dove Invisible Dry - 2x50ml","p":6.21,"u":"62,10 €/L","img":"https://fd8-photos.leclercdrive.fr/image.ashx?id=2838565&use=l&cat=p&typeid=i","cat":284595},{"id":217706,"n":"Brossettes Oral-B Pro Sensitive","p":59.99,"img":"https://fd8-photos.leclercdrive.fr/image.ashx?id=2615191&use=l&cat=p&typeid=i","cat":297133},{"id":217952,"n":"Rouge à lèvres L'Oréal Paris Color Riche 303 - Rose tendre","p":13.57,"img":"https://fd8-photos.leclercdrive.fr/image.ashx?id=3014434&use=l&cat=p&typeid=i","cat":287029},{"id":217956,"n":"Brosse à dent électrique Oral-B Pro series 1 - Bleue x1","p":44.04,"img":"https://fd8-photos.leclercdrive.fr/image.ashx?id=2616255&use=l&cat=p&typeid=i","cat":297133},{"id":217959,"n":"Dentifrice Oral-B  3D White luxe - 75ml","p":4.89,"u":"65,20 €/L","img":"https://fd8-photos.leclercdrive.fr/image.ashx?id=2737540&use=l&cat=p&typeid=i","cat":284612},{"id":217982,"n":"Dentifrice Integral 8 Signal Complet Effet Prébiotique 75ml","p":1.82,"u":"24,27 €/L","img":"https://fd8-photos.leclercdrive.fr/image.ashx?id=2974665&use=l&cat=p&typeid=i","cat":284612},{"id":217989,"n":"Dentifrice Integral 8 Signal HaleineFraîche Prébiotique 75ml","p":2.34,"u":"31,20 €/L","img":"https://fd8-photos.leclercdrive.fr/image.ashx?id=2985660&use=l&cat=p&typeid=i","cat":284612},{"id":217991,"n":"Dentifrice Signal Integral 8 Nettoyage intense - 75ml","p":2.49,"u":"33,20 €/L","img":"https://fd8-photos.leclercdrive.fr/image.ashx?id=2818190&use=l&cat=p&typeid=i","cat":284612},{"id":217993,"n":"Dentifrice Integral 8 Signal Blancheur Prébiotique 75ml","p":1.8,"u":"24,00 €/L","img":"https://fd8-photos.leclercdrive.fr/image.ashx?id=2974668&use=l&cat=p&typeid=i","cat":284612},{"id":217995,"n":"Dentifrice Signal Integral 8 Resist +Prébiotique - 75ml","p":2.66,"u":"35,47 €/L","img":"https://fd8-photos.leclercdrive.fr/image.ashx?id=2818199&use=l&cat=p&typeid=i","cat":284612},{"id":218000,"n":"Dentifrice Signal Système Blancheur 1 semaine - 75ml","p":2.15,"u":"28,67 €/L","img":"https://fd8-photos.leclercdrive.fr/image.ashx?id=2777516&use=l&cat=p&typeid=i","cat":284612},{"id":218001,"n":"Dentifrice Signal Système Blancheur - Charbon - 75ml","p":2.65,"u":"35,33 €/L","img":"https://fd8-photos.leclercdrive.fr/image.ashx?id=2981421&use=l&cat=p&typeid=i","cat":284612},{"id":218002,"n":"Dentifrice Signal Système Blancheur Eclat brillance 75ml","p":2.65,"u":"35,33 €/L","img":"https://fd8-photos.leclercdrive.fr/image.ashx?id=2981424&use=l&cat=p&typeid=i","cat":284612},{"id":218003,"n":"Brosse à dents Signal Integral  8 - Noir - Souple - x1","p":2.55,"img":"https://fd8-photos.leclercdrive.fr/image.ashx?id=2748707&use=l&cat=p&typeid=i","cat":284614},{"id":218010,"n":"Shit happens L'hiver glacial Goliath - Dès 18 ans","p":18.49,"img":"https://fd8-photos.leclercdrive.fr/image.ashx?id=2616315&use=l&cat=p&typeid=i","cat":334378},{"id":218042,"n":"Saumon naturel Pêche Océan ASC 112g","p":3.1,"u":"27,68 €/KG","img":"https://fd8-photos.leclercdrive.fr/image.ashx?id=2615937&use=l&cat=p&typeid=i","cat":305147},{"id":218108,"n":"Chocolats liqueurs Abtey Collection chardons - x20  280g","p":10.02,"u":"35,79 €/KG","img":"https://fd8-photos.leclercdrive.fr/image.ashx?id=2616559&use=l&cat=p&typeid=i","cat":327601},{"id":218178,"n":"Nuggets de dinde Côté Croc 1kg","p":5.99,"img":"https://fd8-photos.leclercdrive.fr/image.ashx?id=2837072&use=l&cat=p&typeid=i","cat":333684},{"id":218276,"n":"Véhicule Pat'Patrouille Chase - Dès 3 ans","p":18.6,"img":"https://fd8-photos.leclercdrive.fr/image.ashx?id=2622992&use=l&cat=p&typeid=i","cat":334380},{"id":218305,"n":"Saucisses de Montbéliard IGP NRT - 500g","p":5.99,"u":"11,98 €/KG","img":"https://fd8-photos.leclercdrive.fr/image.ashx?id=2991509&use=l&cat=p&typeid=i","cat":316012},{"id":218311,"n":"Pain de mie Epi d'Or Cérales & Graines - 580g","p":2.54,"u":"4,38 €/KG","img":"https://fd8-photos.leclercdrive.fr/image.ashx?id=2728270&use=l&cat=p&typeid=i","cat":284477},{"id":218319,"n":"Foie gras de canard Lartigue  Au poivre noir - 300g","p":23.1,"u":"77,00 €/KG","img":"https://fd8-photos.leclercdrive.fr/image.ashx?id=2618056&use=l&cat=p&typeid=i","cat":316008},{"id":218330,"n":"Mini croque-monsieur Côté Table Truffe x12 - 100g","p":4.99,"u":"49,90 €/KG","img":"https://fd8-photos.leclercdrive.fr/image.ashx?id=2617383&use=l&cat=p&typeid=i","cat":319774},{"id":218332,"n":"Pizza feu de bois Turini Montagnarde - 450g","p":3.24,"u":"7,20 €/KG","img":"https://fd8-photos.leclercdrive.fr/image.ashx?id=2816621&use=l&cat=p&typeid=i","cat":284256},{"id":218333,"n":"Yakitori poulet Ajinomoto Sauce Teriaki - 200g","p":4.99,"u":"24,95 €/KG","img":"https://fd8-photos.leclercdrive.fr/image.ashx?id=2692596&use=l&cat=p&typeid=i","cat":319774},{"id":218336,"n":"Bûche glacée Erhard Marron vanille - 420g","p":9.97,"u":"23,74 €/KG","img":"https://fd8-photos.leclercdrive.fr/image.ashx?id=2631135&use=l&cat=p&typeid=i","cat":284266},{"id":218370,"n":"Pizza Turini Poulet - 400g","p":3.35,"u":"8,38 €/KG","img":"https://fd8-photos.leclercdrive.fr/image.ashx?id=2888971&use=l&cat=p&typeid=i","cat":333679},{"id":218402,"n":"Badiane Ducros 25g","p":1.56,"u":"62,40 €/KG","img":"https://fd8-photos.leclercdrive.fr/image.ashx?id=2618891&use=l&cat=p&typeid=i","cat":298297},{"id":218423,"n":"Burrata di Bufala Les Croisés - 125g","p":2.91,"u":"23,28 €/KG","img":"https://fd8-photos.leclercdrive.fr/image.ashx?id=3009529&use=l&cat=p&typeid=i","cat":314026},{"id":218490,"n":"Foie gras de canard entier Torchon Jean Larnaudie - 160g","p":22.7,"u":"141,88 €/KG","img":"https://fd8-photos.leclercdrive.fr/image.ashx?id=2916800&use=l&cat=p&typeid=i","cat":316008},{"id":218560,"n":"Tortillas Old El Paso de blé  nature familial x12 - 489g","p":3.69,"u":"0,31 €/P","img":"https://fd8-photos.leclercdrive.fr/image.ashx?id=2737669&use=l&cat=p&typeid=i","cat":288993},{"id":218563,"n":"Sauce Tomates Cuisinées Panzani - 650G","p":2.69,"u":"4,14 €/KG","img":"https://fd8-photos.leclercdrive.fr/image.ashx?id=2977936&use=l&cat=p&typeid=i","cat":287599},{"id":218581,"n":"Pesto alla genovese Sacla 190g","p":3.25,"u":"17,11 €/KG","img":"https://fd8-photos.leclercdrive.fr/image.ashx?id=2620737&use=l&cat=p&typeid=i","cat":289010},{"id":218584,"n":"Curry madras 45G - DUCROS","p":1.15,"u":"25,56 €/KG","img":"https://fd8-photos.leclercdrive.fr/image.ashx?id=2620131&use=l&cat=p&typeid=i","cat":298297},{"id":218586,"n":"Curry korma 42G- DUCROS","p":1.4,"u":"33,33 €/KG","img":"https://fd8-photos.leclercdrive.fr/image.ashx?id=2620134&use=l&cat=p&typeid=i","cat":298297},{"id":218793,"n":"Piles max AAA Energizer x12 + 4 offertes","p":19.34,"img":"https://fd8-photos.leclercdrive.fr/image.ashx?id=2776012&use=l&cat=p&typeid=i","cat":300572},{"id":218804,"n":"Croquettes chat Perfect Fit Boeuf Stérilisés Adulte 1.4kg","p":7.7,"u":"5,50 €/KG","img":"https://fd8-photos.leclercdrive.fr/image.ashx?id=2622792&use=l&cat=p&typeid=i","cat":284680},{"id":218838,"n":"Rillettes de thon MSC Cap Océan - 140g","p":1.88,"u":"13,43 €/KG","img":"https://fd8-photos.leclercdrive.fr/image.ashx?id=3008845&use=l&cat=p&typeid=i","cat":285191},{"id":218863,"n":"Bacon fumé Herta Sans nitrite x10 - 120g","p":2.75,"u":"22,92 €/KG","img":"https://fd8-photos.leclercdrive.fr/image.ashx?id=2876248&use=l&cat=p&typeid=i","cat":316011},{"id":218865,"n":"Gel Douche Le Petit Marseillais Pour homme Pin maritime 3x250ml","p":4.77,"u":"6,36 €/L","img":"https://fd8-photos.leclercdrive.fr/image.ashx?id=2625211&use=l&cat=p&typeid=i","cat":284619},{"id":219039,"n":"Pétales de céréales Grainea Chocolat noir - 550g","p":2.73,"u":"4,96 €/KG","img":"https://fd8-photos.leclercdrive.fr/image.ashx?id=2917672&use=l&cat=p&typeid=i","cat":309512},{"id":219041,"n":"Pétales de céréales Grainea Chocolat au lait - 550g","p":2.58,"u":"4,69 €/KG","img":"https://fd8-photos.leclercdrive.fr/image.ashx?id=2917669&use=l&cat=p&typeid=i","cat":309512},{"id":219069,"n":"Sauce Pesto Barilla Alla Calabrese - 190g","p":2.69,"u":"14,16 €/KG","img":"https://fd8-photos.leclercdrive.fr/image.ashx?id=2624751&use=l&cat=p&typeid=i","cat":287599},{"id":219070,"n":"Poivre saveur & épices 40g","p":1.55,"u":"38,75 €/KG","img":"https://fd8-photos.leclercdrive.fr/image.ashx?id=2624592&use=l&cat=p&typeid=i","cat":284457},{"id":219106,"n":"Doses lessive liquide  Sans parfum - x22 doses","p":8.39,"u":"24,97 €/KG","img":"https://fd8-photos.leclercdrive.fr/image.ashx?id=2683754&use=l&cat=p&typeid=i","cat":284640},{"id":219142,"n":"Lessive liquide Chanteclair Musc Blanc - 1800ml","p":7.35,"u":"4,08 €/L","img":"https://fd8-photos.leclercdrive.fr/image.ashx?id=2997298&use=l&cat=p&typeid=i","cat":284640},{"id":219146,"n":"Spray parfum linge Soupline Brume Coco - 250ml","p":6.41,"u":"25,64 €/L","img":"https://fd8-photos.leclercdrive.fr/image.ashx?id=2738428&use=l&cat=p&typeid=i","cat":284650},{"id":219283,"n":"Granola extra cookie Chocolat - 6x184g","p":10.5,"u":"9,51 €/KG","img":"https://fd8-photos.leclercdrive.fr/image.ashx?id=2629719&use=l&cat=p&typeid=i","cat":284488},{"id":219401,"n":"Papillotes exception Revillon Ganache chocolat noir - 340g","p":12.59,"u":"37,03 €/KG","img":"https://fd8-photos.leclercdrive.fr/image.ashx?id=2628458&use=l&cat=p&typeid=i","cat":327597},{"id":219601,"n":"Petits pains grillés Pasquier Blé complet - 225g","p":1.85,"u":"8,22 €/KG","img":"https://fd8-photos.leclercdrive.fr/image.ashx?id=2834452&use=l&cat=p&typeid=i","cat":284479},{"id":219602,"n":"Petits pains grillés Pasquier Froment - 225g","p":1.24,"u":"5,51 €/KG","img":"https://fd8-photos.leclercdrive.fr/image.ashx?id=2834455&use=l&cat=p&typeid=i","cat":284479},{"id":219722,"n":"Bloc de foie gras de canard Pierre de Chaumeyrac - 300g","p":16.9,"u":"56,33 €/KG","img":"https://fd8-photos.leclercdrive.fr/image.ashx?id=2804341&use=l&cat=p&typeid=i","cat":316008},{"id":219921,"n":"Saumon fumé Ronde des Mers Islande 4 tranches - 140g","p":4.99,"u":"35,64 €/KG","img":"https://fd8-photos.leclercdrive.fr/image.ashx?id=2833138&use=l&cat=p&typeid=i","cat":285188},{"id":220213,"n":"Raisin rosé sans pépins Panier du Primeur - 500g","p":3.99,"u":"7,98 €/KG","img":"https://fd8-photos.leclercdrive.fr/image.ashx?id=2858144&use=l&cat=p&typeid=i","cat":284356},{"id":220245,"n":"Croquettes chien  Pedigree à la volaille - 7kg","p":19.89,"u":"2,84 €/KG","img":"https://fd8-photos.leclercdrive.fr/image.ashx?id=2813495&use=l&cat=p&typeid=i","cat":284672},{"id":220254,"n":"Croquettes chien  Pedigree au bœuf - 7kg","p":14.73,"u":"2,10 €/KG","img":"https://fd8-photos.leclercdrive.fr/image.ashx?id=2981286&use=l&cat=p&typeid=i","cat":284672},{"id":220269,"n":"Friandises chat Catisfactions  Herbe à chat - 60g","p":1.45,"u":"24,17 €/KG","img":"https://fd8-photos.leclercdrive.fr/image.ashx?id=2914765&use=l&cat=p&typeid=i","cat":285285},{"id":220491,"n":"Champagne brut Canard Duchêne Photophore - 75cl","p":32.59,"u":"43,45 €/L","img":"https://fd8-photos.leclercdrive.fr/image.ashx?id=2638706&use=l&cat=p&typeid=i","cat":284542},{"id":220546,"n":"Raisin blanc sans pépins Panier du Primeur - 500g","p":3.99,"u":"7,98 €/KG","img":"https://fd8-photos.leclercdrive.fr/image.ashx?id=2858132&use=l&cat=p&typeid=i","cat":284356},{"id":220605,"n":"Morilles Borde 100g","p":54.99,"u":"549,90 €/KG","img":"https://fd8-photos.leclercdrive.fr/image.ashx?id=2635265&use=l&cat=p&typeid=i","cat":312610},{"id":220689,"n":"Dentifrice Integral 8 Signal Interdentaire Prébiotique 75ml","p":2.16,"u":"28,80 €/L","img":"https://fd8-photos.leclercdrive.fr/image.ashx?id=2940654&use=l&cat=p&typeid=i","cat":284612},{"id":220742,"n":"Savon Le Petit Marseillais  Recharge antibacterien - 250ml","p":1.68,"u":"6,72 €/L","img":"https://fd8-photos.leclercdrive.fr/image.ashx?id=2684230&use=l&cat=p&typeid=i","cat":284597},{"id":220783,"n":"Coloration Permanente Olia 6.0 Chatain Très Clair","p":8.99,"img":"https://fd8-photos.leclercdrive.fr/image.ashx?id=2635958&use=l&cat=p&typeid=i","cat":288899},{"id":220786,"n":"Papier toilette humide Lotus Confort - x38","p":1.7,"u":"0,04 €/P","img":"https://fd8-photos.leclercdrive.fr/image.ashx?id=2864843&use=l&cat=p&typeid=i","cat":284634},{"id":220788,"n":"Recharge crème lavante mains Le Petit Marseillais Lait 250ml","p":0.89,"u":"3,56 €/L","img":"https://fd8-photos.leclercdrive.fr/image.ashx?id=2735242&use=l&cat=p&typeid=i","cat":284597},{"id":220789,"n":"Coloration Permanente Olia 5.15 Chocolat Glacé","p":8.99,"img":"https://fd8-photos.leclercdrive.fr/image.ashx?id=2635961&use=l&cat=p&typeid=i","cat":288899},{"id":220790,"n":"Camion Pat'Patrouille Avec figurine - Dès 3 ans","p":24.68,"img":"https://fd8-photos.leclercdrive.fr/image.ashx?id=2636640&use=l&cat=p&typeid=i","cat":334380},{"id":220821,"n":"Crème lavante mains Le Petit Marseillais - Amande - 250ml","p":0.89,"u":"3,56 €/L","img":"https://fd8-photos.leclercdrive.fr/image.ashx?id=2684209&use=l&cat=p&typeid=i","cat":284597},{"id":220822,"n":"Gel lavant mains Le Petit Marseillais Antibactérien 300ml","p":1.87,"u":"6,23 €/L","img":"https://fd8-photos.leclercdrive.fr/image.ashx?id=2684557&use=l&cat=p&typeid=i","cat":284597},{"id":220823,"n":"Gel lavant mains Le Petit Marseillais - Lavande - 300ml","p":1.7,"u":"5,67 €/L","img":"https://fd8-photos.leclercdrive.fr/image.ashx?id=2684221&use=l&cat=p&typeid=i","cat":284597},{"id":220824,"n":"Crème lavante mains Le Petit Marseillais - Lait - 300ml","p":1.46,"u":"4,87 €/L","img":"https://fd8-photos.leclercdrive.fr/image.ashx?id=2684224&use=l&cat=p&typeid=i","cat":284597},{"id":220826,"n":"Gel lavant mains Le Petit  Marseillais Le cuisinier 250ml","p":1.42,"u":"5,68 €/L","img":"https://fd8-photos.leclercdrive.fr/image.ashx?id=2684560&use=l&cat=p&typeid=i","cat":284597},{"id":220827,"n":"Sérum Autobronzant Garnier Natural Bronzer visage - 30ml","p":11.65,"u":"388,33 €/L","img":"https://fd8-photos.leclercdrive.fr/image.ashx?id=2669280&use=l&cat=p&typeid=i","cat":325355},{"id":220851,"n":"Saumon fumé Ronde des Mers Écosse - 14 tranches - 490g","p":17.49,"u":"35,69 €/KG","img":"https://fd8-photos.leclercdrive.fr/image.ashx?id=2833023&use=l&cat=p&typeid=i","cat":285188},{"id":221147,"n":"Serviette hygénique Always Platinum - Long+ - x10","p":2.65,"u":"0,27 €/P","img":"https://fd8-photos.leclercdrive.fr/image.ashx?id=2890442&use=l&cat=p&typeid=i","cat":284624},{"id":221203,"n":"Jus multivitamines Andros 1,5L","p":4.02,"u":"2,68 €/L","img":"https://fd8-photos.leclercdrive.fr/image.ashx?id=2904269&use=l&cat=p&typeid=i","cat":284917},{"id":221208,"n":"Disques à démaquiller x120","p":0.39,"img":"https://fd8-photos.leclercdrive.fr/image.ashx?id=2640119&use=l&cat=p&typeid=i","cat":285593},{"id":221210,"n":"Dessert liégeois Andros Pomme fraise cassis - 400g","p":2.55,"u":"6,38 €/KG","img":"https://fd8-photos.leclercdrive.fr/image.ashx?id=2642663&use=l&cat=p&typeid=i","cat":285042},{"id":221213,"n":"Jus de pomme Pauline 1L","p":3.45,"u":"3,45 €/L","img":"https://fd8-photos.leclercdrive.fr/image.ashx?id=2733865&use=l&cat=p&typeid=i","cat":284522},{"id":221215,"n":"Nectar de poire Pauline  1L","p":3.57,"u":"3,57 €/L","img":"https://fd8-photos.leclercdrive.fr/image.ashx?id=2733868&use=l&cat=p&typeid=i","cat":284915},{"id":221222,"n":"Mini croustis Italian Bonduelle Aubergine poivron mozza - 240g","p":3.29,"u":"13,71 €/KG","img":"https://fd8-photos.leclercdrive.fr/image.ashx?id=2960708&use=l&cat=p&typeid=i","cat":319822},{"id":221223,"n":"Mini croustis Mexican Bonduelle Maïs haricot rouge cheddar 240g","p":3.29,"u":"13,71 €/KG","img":"https://fd8-photos.leclercdrive.fr/image.ashx?id=2996530&use=l&cat=p&typeid=i","cat":319822},{"id":221272,"n":"Triangolo Fromage enfants vache Les Croisés 32 portions - 533g","p":3.5,"u":"6,57 €/KG","img":"https://fd8-photos.leclercdrive.fr/image.ashx?id=2791893&use=l&cat=p&typeid=i","cat":314030},{"id":221340,"n":"AOP Feta affinée En fût - 150g","p":2.9,"u":"19,33 €/KG","img":"https://fd8-photos.leclercdrive.fr/image.ashx?id=2856359&use=l&cat=p&typeid=i","cat":314026},{"id":221401,"n":"Saumon fumé Ronde des Mers Norvège 14 tranches - 490g","p":11.99,"u":"24,47 €/KG","img":"https://fd8-photos.leclercdrive.fr/image.ashx?id=2833141&use=l&cat=p&typeid=i","cat":285188},{"id":221491,"n":"Lotion tonique visage Nivea Douceur 400g","p":8.17,"u":"20,43 €/KG","img":"https://fd8-photos.leclercdrive.fr/image.ashx?id=2643264&use=l&cat=p&typeid=i","cat":284603},{"id":221505,"n":"Infusion digestion légère  Elephant - x20 - 32g","p":1.97,"u":"61,56 €/KG","img":"https://fd8-photos.leclercdrive.fr/image.ashx?id=2655653&use=l&cat=p&typeid=i","cat":293234},{"id":221506,"n":"Crème lavante mains Fleur d'oranger Bio - 250ml","p":0.89,"u":"3,36 €/L","img":"https://fd8-photos.leclercdrive.fr/image.ashx?id=2684542&use=l&cat=p&typeid=i","cat":284597},{"id":221507,"n":"Infusion nuit tranquille  Elephant - x20 - 30g","p":1.55,"u":"51,67 €/KG","img":"https://fd8-photos.leclercdrive.fr/image.ashx?id=2655647&use=l&cat=p&typeid=i","cat":293234},{"id":221508,"n":"Gel lavant mains Le Petit Marseillais Huile d'olive 300ml","p":1.95,"u":"6,50 €/L","img":"https://fd8-photos.leclercdrive.fr/image.ashx?id=2684218&use=l&cat=p&typeid=i","cat":284597},{"id":221513,"n":"Gel lavant mains Le Petit Marseillais - Olive - 250ml","p":1.05,"img":"https://fd8-photos.leclercdrive.fr/image.ashx?id=2684227&use=l&cat=p&typeid=i","cat":284597},{"id":221595,"n":"Queues de crevettes ASC L'Atelier Poissonnerie - 220g","p":5.99,"u":"27,23 €/KG","img":"https://fd8-photos.leclercdrive.fr/image.ashx?id=2644283&use=l&cat=p&typeid=i","cat":284343},{"id":221596,"n":"Fromage bleu truffe blanche été L'Origine du Goût - 170g","p":5.5,"u":"32,35 €/KG","img":"https://fd8-photos.leclercdrive.fr/image.ashx?id=2817175&use=l&cat=p&typeid=i","cat":314032},{"id":221884,"n":"Haricots verts extra fins Bonduelle - 3 x 440g","p":5.82,"u":"4,41 €/KG","img":"https://fd8-photos.leclercdrive.fr/image.ashx?id=2856967&use=l&cat=p&typeid=i","cat":312606},{"id":221887,"n":"Capsules lave-vaisselle Finish Ultimate Plus Bicarbonate - x25","p":8.07,"u":"26,46 €/KG","img":"https://fd8-photos.leclercdrive.fr/image.ashx?id=2647570&use=l&cat=p&typeid=i","cat":284656},{"id":221890,"n":"Semainier culottes menstruelles Classique - Taille S - x7","p":24.99,"u":"3,57 €/P","img":"https://fd8-photos.leclercdrive.fr/image.ashx?id=2647585&use=l&cat=p&typeid=i","cat":284624},{"id":221891,"n":"Semainer culottes menstruelles Classique - Taille M - x7","p":28.98,"u":"4,14 €/P","img":"https://fd8-photos.leclercdrive.fr/image.ashx?id=2647588&use=l&cat=p&typeid=i","cat":284624},{"id":221892,"n":"Semainier culottes menstruelles Classique - Taille L - x7","p":28.56,"u":"4,08 €/P","img":"https://fd8-photos.leclercdrive.fr/image.ashx?id=2647591&use=l&cat=p&typeid=i","cat":284624},{"id":221893,"n":"Déodorant bille Axe Aqua Bergamot - 2x50ml","p":7.9,"u":"79,00 €/L","img":"https://fd8-photos.leclercdrive.fr/image.ashx?id=2858588&use=l&cat=p&typeid=i","cat":284618},{"id":222004,"n":"Nettoyant Ménager Mr Propre Animaux - 1L","p":3.46,"u":"3,46 €/L","img":"https://fd8-photos.leclercdrive.fr/image.ashx?id=2683412&use=l&cat=p&typeid=i","cat":284907},{"id":222042,"n":"Rasoir jetable Plus Gillette Blue II - Slalom - x20","p":17.04,"u":"0,85 €/P","img":"https://fd8-photos.leclercdrive.fr/image.ashx?id=2648346&use=l&cat=p&typeid=i","cat":284616},{"id":222043,"n":"Brossettes Oral-B Pro Cross action - x12","p":59.99,"u":"5,00 €/P","img":"https://fd8-photos.leclercdrive.fr/image.ashx?id=2648355&use=l&cat=p&typeid=i","cat":297133},{"id":222052,"n":"Fruit de la passion 1p","p":0.92,"img":"https://fd8-photos.leclercdrive.fr/image.ashx?id=1633904&use=l&cat=p&typeid=i","cat":284356},{"id":222056,"n":"Citron vert  1p","p":0.49,"img":"https://fd8-photos.leclercdrive.fr/image.ashx?id=1628331&use=l&cat=p&typeid=i","cat":284356},{"id":222061,"n":"Pomelo rouge 1p","p":0.79,"img":"https://fd8-photos.leclercdrive.fr/image.ashx?id=1636326&use=l&cat=p&typeid=i","cat":284356},{"id":222064,"n":"Grenade 1p","p":3.99,"img":"https://fd8-photos.leclercdrive.fr/image.ashx?id=1633898&use=l&cat=p&typeid=i","cat":284356},{"id":222087,"n":"Shampoing Enfants Ultra Doux Abricot - 600ml","p":5.65,"u":"9,42 €/L","img":"https://fd8-photos.leclercdrive.fr/image.ashx?id=2851096&use=l&cat=p&typeid=i","cat":284606},{"id":222093,"n":"Pomme Royal Gala  1p","p":0.45,"img":"https://fd8-photos.leclercdrive.fr/image.ashx?id=1630963&use=l&cat=p&typeid=i","cat":284356},{"id":222096,"n":"Pomme Pink Lady  1p","p":0.55,"img":"https://fd8-photos.leclercdrive.fr/image.ashx?id=2121659&use=l&cat=p&typeid=i","cat":284356},{"id":222097,"n":"Pomme Granny Smith  1p","p":0.47,"img":"https://fd8-photos.leclercdrive.fr/image.ashx?id=1630969&use=l&cat=p&typeid=i","cat":284356},{"id":222101,"n":"Melon jaune  1p","p":1.99,"img":"https://fd8-photos.leclercdrive.fr/image.ashx?id=1636377&use=l&cat=p&typeid=i","cat":284356},{"id":222109,"n":"Avocat  1p","p":1.79,"img":"https://fd8-photos.leclercdrive.fr/image.ashx?id=1633637&use=l&cat=p&typeid=i","cat":284352},{"id":222113,"n":"Fenouil  1p","p":0.57,"img":"https://fd8-photos.leclercdrive.fr/image.ashx?id=612612&use=l&cat=p&typeid=i","cat":284352},{"id":222117,"n":"Poireau  1p","p":0.79,"img":"https://fd8-photos.leclercdrive.fr/image.ashx?id=1632716&use=l&cat=p&typeid=i","cat":284352},{"id":222121,"n":"Choudou 1p","p":2.27,"img":"https://fd8-photos.leclercdrive.fr/image.ashx?id=2127418&use=l&cat=p&typeid=i","cat":284352},{"id":222123,"n":"Aubergine 1p","p":0.9,"img":"https://fd8-photos.leclercdrive.fr/image.ashx?id=1631421&use=l&cat=p&typeid=i","cat":284352},{"id":222124,"n":"Courgette  1p","p":0.9,"img":"https://fd8-photos.leclercdrive.fr/image.ashx?id=1631964&use=l&cat=p&typeid=i","cat":284352},{"id":222126,"n":"Courgette ronde  1p","p":0.69,"img":"https://fd8-photos.leclercdrive.fr/image.ashx?id=1631976&use=l&cat=p&typeid=i","cat":284352},{"id":222128,"n":"Poivron doux rouge  1p","p":0.8,"img":"https://fd8-photos.leclercdrive.fr/image.ashx?id=1633094&use=l&cat=p&typeid=i","cat":284352},{"id":222131,"n":"Poivron doux vert  1p","p":0.85,"img":"https://fd8-photos.leclercdrive.fr/image.ashx?id=1633202&use=l&cat=p&typeid=i","cat":284352},{"id":222132,"n":"Poivron doux jaune  1p","p":1.07,"img":"https://fd8-photos.leclercdrive.fr/image.ashx?id=1631227&use=l&cat=p&typeid=i","cat":284352},{"id":222166,"n":"Citron non traité  1p","p":0.62,"img":"https://fd8-photos.leclercdrive.fr/image.ashx?id=1628602&use=l&cat=p&typeid=i","cat":284356},{"id":222175,"n":"Oranges à déguster  1p","p":0.65,"img":"https://fd8-photos.leclercdrive.fr/image.ashx?id=1629690&use=l&cat=p&typeid=i","cat":284356},{"id":222453,"n":"Acide citrique Briochin Ecocert - 450g","p":4.89,"u":"10,87 €/KG","img":"https://fd8-photos.leclercdrive.fr/image.ashx?id=3000755&use=l&cat=p&typeid=i","cat":325365},{"id":222455,"n":"Recharge lessive détachante  savon noir 37 lavages - 1,7L","p":4.73,"u":"2,78 €/L","img":"https://fd8-photos.leclercdrive.fr/image.ashx?id=3000782&use=l&cat=p&typeid=i","cat":284640},{"id":222476,"n":"Thé noir Joyce Bio pain grillé - 30g","p":2.29,"u":"76,33 €/KG","img":"https://fd8-photos.leclercdrive.fr/image.ashx?id=2651630&use=l&cat=p&typeid=i","cat":293233},{"id":222479,"n":"Pop corn sucre de canne Vico Micro-ondable 240g","p":2.05,"u":"8,54 €/KG","img":"https://fd8-photos.leclercdrive.fr/image.ashx?id=2651585&use=l&cat=p&typeid=i","cat":304249},{"id":222480,"n":"Pop corn Vico Salé - 240g","p":1.95,"u":"8,13 €/KG","img":"https://fd8-photos.leclercdrive.fr/image.ashx?id=2815049&use=l&cat=p&typeid=i","cat":304249},{"id":222497,"n":"Yaourt brassé nature Yoplait Brique - 750g","p":1.67,"u":"2,23 €/KG","img":"https://fd8-photos.leclercdrive.fr/image.ashx?id=2985174&use=l&cat=p&typeid=i","cat":284409},{"id":222498,"n":"Yaourt brassé Yoplait Fraise - Brique 750g","p":1.97,"u":"2,63 €/KG","img":"https://fd8-photos.leclercdrive.fr/image.ashx?id=2985177&use=l&cat=p&typeid=i","cat":284410},{"id":222516,"n":"Frites de poulet Maître Coq 800g","p":7.6,"u":"9,50 €/KG","img":"https://fd8-photos.leclercdrive.fr/image.ashx?id=2853931&use=l&cat=p&typeid=i","cat":333684},{"id":222519,"n":"Cubes de poulet Maître Coq Blanc - 450g","p":5.53,"u":"12,29 €/KG","img":"https://fd8-photos.leclercdrive.fr/image.ashx?id=2651939&use=l&cat=p&typeid=i","cat":284336},{"id":222582,"n":"Shampoing Restaurateur Eslève Glycolic Gloss - 200ml","p":5.05,"u":"25,25 €/L","img":"https://fd8-photos.leclercdrive.fr/image.ashx?id=2657157&use=l&cat=p&typeid=i","cat":284606},{"id":222583,"n":"Soin Cheveux Lamination Elsève Glycolic Gloss - 200ml","p":7.99,"u":"39,95 €/L","img":"https://fd8-photos.leclercdrive.fr/image.ashx?id=2656796&use=l&cat=p&typeid=i","cat":284608},{"id":222584,"n":"Pâte à tartiner Nutella 220g","p":2.55,"u":"11,59 €/KG","img":"https://fd8-photos.leclercdrive.fr/image.ashx?id=2755216&use=l&cat=p&typeid=i","cat":284481},{"id":222586,"n":"Démêlant Cheveux Elsève Glycolic Gloss - 150ml","p":6.19,"u":"41,27 €/L","img":"https://fd8-photos.leclercdrive.fr/image.ashx?id=2657160&use=l&cat=p&typeid=i","cat":284607},{"id":222589,"n":"Sérum Soin Sans Rinçage Elsève Glycolic Gloss - 150ml","p":11.0,"u":"73,33 €/L","img":"https://fd8-photos.leclercdrive.fr/image.ashx?id=2656069&use=l&cat=p&typeid=i","cat":284608},{"id":222591,"n":"Soin anti-tâches L'Oréal Paris Bright Reveal SPF50+ - 50ml","p":15.29,"u":"305,80 €/L","img":"https://fd8-photos.leclercdrive.fr/image.ashx?id=2921879&use=l&cat=p&typeid=i","cat":325345},{"id":222593,"n":"Dentifrice Aquafresh Naturals Blancheur Charbon - 2x75ml","p":3.48,"u":"23,20 €/L","img":"https://fd8-photos.leclercdrive.fr/image.ashx?id=2889289&use=l&cat=p&typeid=i","cat":284612},{"id":222594,"n":"Pur jus de raisin Jafaden  90cl","p":2.21,"u":"2,46 €/L","img":"https://fd8-photos.leclercdrive.fr/image.ashx?id=2723183&use=l&cat=p&typeid=i","cat":285435},{"id":222595,"n":"Pur jus d'ananas passion  Jafaden - 90cl","p":2.29,"u":"2,54 €/L","img":"https://fd8-photos.leclercdrive.fr/image.ashx?id=2723189&use=l&cat=p&typeid=i","cat":285435},{"id":222596,"n":"Pur jus de pomme mangue Jafaden - 90cl","p":2.49,"u":"2,77 €/L","img":"https://fd8-photos.leclercdrive.fr/image.ashx?id=2723192&use=l&cat=p&typeid=i","cat":285435},{"id":222597,"n":"Sérum anti-taches L'Oréal Paris Bright Reveal - 30ml","p":13.6,"u":"453,33 €/L","img":"https://fd8-photos.leclercdrive.fr/image.ashx?id=2865881&use=l&cat=p&typeid=i","cat":325345},{"id":222598,"n":"Pur jus de pomme framboise Jafaden - 90cl","p":2.43,"u":"2,70 €/L","img":"https://fd8-photos.leclercdrive.fr/image.ashx?id=2723195&use=l&cat=p&typeid=i","cat":285435},{"id":222599,"n":"Sérum correcteur L'Oréal Paris  Age Perfect - 30ml","p":11.97,"pp":7.9,"u":"263,33 €/L","img":"https://fd8-photos.leclercdrive.fr/image.ashx?id=2664491&use=l&cat=p&typeid=i","cat":325345},{"id":222667,"n":"Tablette Chocolat Noir Crunch x2- 200g","p":2.44,"u":"12,20 €/KG","img":"https://fd8-photos.leclercdrive.fr/image.ashx?id=2899737&use=l&cat=p&typeid=i","cat":284956},{"id":222668,"n":"Gaufrettes Wafer cacao Balconi 175g","p":0.93,"u":"5,31 €/KG","img":"https://fd8-photos.leclercdrive.fr/image.ashx?id=2828883&use=l&cat=p&typeid=i","cat":284488},{"id":222702,"n":"Dentifrice Integral 8 Signal Fraîcheur Intense 75ml","p":2.49,"u":"33,20 €/L","img":"https://fd8-photos.leclercdrive.fr/image.ashx?id=2818196&use=l&cat=p&typeid=i","cat":284612},{"id":222704,"n":"Dentifrice Signal Extra fraîcheur intense - 75ml","p":2.49,"u":"33,20 €/L","img":"https://fd8-photos.leclercdrive.fr/image.ashx?id=2654212&use=l&cat=p&typeid=i","cat":284612},{"id":222736,"n":"Dédodorant Dove  2x50ml","p":7.49,"u":"74,90 €/L","img":"https://fd8-photos.leclercdrive.fr/image.ashx?id=2659097&use=l&cat=p&typeid=i","cat":284595},{"id":222740,"n":"Pommes bicolores Eco+ x4","p":0.99,"u":"0,25 €/P","img":"https://fd8-photos.leclercdrive.fr/image.ashx?id=2928210&use=l&cat=p&typeid=i","cat":284356},{"id":222742,"n":"Swiffer wetjet Kit Lavable Système anti-poussière - x1","p":30.48,"u":"Dont 0,16 € d'éco-part.","img":"https://fd8-photos.leclercdrive.fr/image.ashx?id=2927708&use=l&cat=p&typeid=i","cat":325364},{"id":222779,"n":"Eau de javel La Croix Traditionnelle - 1.5L","p":1.63,"u":"1,09 €/L","img":"https://fd8-photos.leclercdrive.fr/image.ashx?id=2667556&use=l&cat=p&typeid=i","cat":284661},{"id":222782,"n":"Adoucissant Soupline Lingettes Voile Sèche-linge Grand air-x20","p":2.79,"u":"0,14 €/P","img":"https://fd8-photos.leclercdrive.fr/image.ashx?id=2654435&use=l&cat=p&typeid=i","cat":325302},{"id":222820,"n":"Bonbons Haribo Pocket Assortiment mini sachets - 340g","p":2.39,"u":"7,03 €/KG","img":"https://fd8-photos.leclercdrive.fr/image.ashx?id=2654653&use=l&cat=p&typeid=i","cat":304250},{"id":222841,"n":"Mâche Bio Village Bio - 100g","p":1.89,"u":"18,90 €/KG","img":"https://fd8-photos.leclercdrive.fr/image.ashx?id=2655622&use=l&cat=p&typeid=i","cat":284353},{"id":222843,"n":"Liquide vaisselle Uni vert Ecolo amande - 500ml","p":1.15,"u":"2,30 €/L","img":"https://fd8-photos.leclercdrive.fr/image.ashx?id=2999523&use=l&cat=p&typeid=i","cat":284655},{"id":222844,"n":"Gel douche Le Petit Marseillais Fleur de tiaré - 650ml","p":3.3,"u":"5,08 €/L","img":"https://fd8-photos.leclercdrive.fr/image.ashx?id=2656060&use=l&cat=p&typeid=i","cat":284594},{"id":222846,"n":"Gel douche Le Petit Marseillais Cerise & jasmin - 250ml","p":1.99,"u":"7,96 €/L","img":"https://fd8-photos.leclercdrive.fr/image.ashx?id=2685198&use=l&cat=p&typeid=i","cat":284594},{"id":222848,"n":"Mélange de jeunes pousses Notre Jardin - 175g","p":1.76,"u":"10,06 €/KG","img":"https://fd8-photos.leclercdrive.fr/image.ashx?id=2655610&use=l&cat=p&typeid=i","cat":284353},{"id":222849,"n":"Mélange gourmand Notre Jardin 320g","p":1.58,"u":"4,94 €/KG","img":"https://fd8-photos.leclercdrive.fr/image.ashx?id=2720190&use=l&cat=p&typeid=i","cat":284353},{"id":222851,"n":"Mesclun Notre Jardin 125g","p":1.51,"u":"12,08 €/KG","img":"https://fd8-photos.leclercdrive.fr/image.ashx?id=2663299&use=l&cat=p&typeid=i","cat":284353},{"id":222854,"n":"Lingette lavable Swiffer Wetj Wetjet - Microfibre - x1","p":8.65,"img":"https://fd8-photos.leclercdrive.fr/image.ashx?id=2656240&use=l&cat=p&typeid=i","cat":325364},{"id":222899,"n":"Dentifrice Sensodyne Email renforcé - 75ml","p":5.14,"u":"68,53 €/L","img":"https://fd8-photos.leclercdrive.fr/image.ashx?id=2997208&use=l&cat=p&typeid=i","cat":284612},{"id":222904,"n":"Laque Schwarzkopf Volume Expert - 400ml","p":7.88,"u":"19,70 €/L","img":"https://fd8-photos.leclercdrive.fr/image.ashx?id=2655922&use=l&cat=p&typeid=i","cat":284609},{"id":222913,"n":"Sauce pour nems Suzi Wan 250ml","p":2.08,"u":"8,32 €/L","img":"https://fd8-photos.leclercdrive.fr/image.ashx?id=2990877&use=l&cat=p&typeid=i","cat":288992},{"id":222959,"n":"Soin jour bio So'Bio Etic Anti-tâches - Lys - 50ml","p":20.29,"u":"405,80 €/L","img":"https://fd8-photos.leclercdrive.fr/image.ashx?id=3000207&use=l&cat=p&typeid=i","cat":325345},{"id":222960,"n":"Soin nuit bio So'Bio Etic Peeling - Anti-tâche - Lys 50ml","p":19.7,"u":"394,00 €/L","img":"https://fd8-photos.leclercdrive.fr/image.ashx?id=2997019&use=l&cat=p&typeid=i","cat":325345},{"id":222995,"n":"Nouilles Banzai Noodle Curry cup - 67g","p":1.09,"u":"16,27 €/KG","img":"https://fd8-photos.leclercdrive.fr/image.ashx?id=2730007&use=l&cat=p&typeid=i","cat":288992},{"id":223024,"n":"Shampooing Herbal Essences Aloe - 250ml","p":3.38,"u":"13,52 €/L","img":"https://fd8-photos.leclercdrive.fr/image.ashx?id=2748671&use=l&cat=p&typeid=i","cat":284606},{"id":223084,"n":"Crème douche Abricot Noisette Le Petit Marseillais 2x650ml","p":6.14,"u":"4,72 €/L","img":"https://fd8-photos.leclercdrive.fr/image.ashx?id=2658908&use=l&cat=p&typeid=i","cat":284594},{"id":223130,"n":"Mini fuet L'Origine du Goût - 100g","p":2.69,"u":"26,90 €/KG","img":"https://fd8-photos.leclercdrive.fr/image.ashx?id=2776310&use=l&cat=p&typeid=i","cat":316006},{"id":223157,"n":"Vinaigre blanc 5L - 10°","p":3.57,"u":"0,71 €/L","img":"https://fd8-photos.leclercdrive.fr/image.ashx?id=2659792&use=l&cat=p&typeid=i","cat":298543},{"id":223280,"n":"Bière ambrée 3 Monts 6x33cl","p":6.99,"u":"3,53 €/L","img":"https://fd8-photos.leclercdrive.fr/image.ashx?id=2661688&use=l&cat=p&typeid=i","cat":334852},{"id":223295,"n":"Brioche La Fournée Dorée Tressée et tranchée - 500g","p":1.83,"u":"3,66 €/KG","img":"https://fd8-photos.leclercdrive.fr/image.ashx?id=2661079&use=l&cat=p&typeid=i","cat":284478},{"id":223365,"n":"Boisson aux fruits Jafun Multifruits - 4x20cl","p":1.44,"u":"1,80 €/L","img":"https://fd8-photos.leclercdrive.fr/image.ashx?id=2992570&use=l&cat=p&typeid=i","cat":295018},{"id":223392,"n":"Boisson aux fruits Jafun Fruits rouges - 4x20cl","p":1.44,"u":"1,80 €/L","img":"https://fd8-photos.leclercdrive.fr/image.ashx?id=2992573&use=l&cat=p&typeid=i","cat":295018},{"id":223394,"n":"Boisson aux fruits Jafun Tropical - 4x20cl","p":1.49,"u":"1,86 €/L","img":"https://fd8-photos.leclercdrive.fr/image.ashx?id=2992576&use=l&cat=p&typeid=i","cat":295018},{"id":223396,"n":"Boisson aux fruits Jafun Pomme cassis framboise 10x20cl","p":3.35,"u":"1,68 €/L","img":"https://fd8-photos.leclercdrive.fr/image.ashx?id=2992594&use=l&cat=p&typeid=i","cat":295018},{"id":223401,"n":"Bâtonnets Manger Main Bio Yooji Fraise banane avoine - 150g","p":4.2,"u":"28,00 €/KG","img":"https://fd8-photos.leclercdrive.fr/image.ashx?id=2662475&use=l&cat=p&typeid=i","cat":290631},{"id":223423,"n":"Donuts Curly Cacahuète - 190g","p":2.07,"u":"10,89 €/KG","img":"https://fd8-photos.leclercdrive.fr/image.ashx?id=2662370&use=l&cat=p&typeid=i","cat":284449},{"id":223431,"n":"Crème dessert protéinée Hipro  Chocolat noisette - 180g","p":1.85,"u":"10,28 €/KG","img":"https://fd8-photos.leclercdrive.fr/image.ashx?id=2800294&use=l&cat=p&typeid=i","cat":285041},{"id":223444,"n":"Shampoing 2en1 Fructis Force et brillance - 300ml","p":2.87,"u":"9,57 €/L","img":"https://fd8-photos.leclercdrive.fr/image.ashx?id=2669268&use=l&cat=p&typeid=i","cat":284606},{"id":223445,"n":"Shampoing fortifiant Fructis Force et Brillance - 300ml","p":3.14,"u":"10,47 €/L","img":"https://fd8-photos.leclercdrive.fr/image.ashx?id=2669271&use=l&cat=p&typeid=i","cat":284606},{"id":223452,"n":"Pur jus de pomme Jafaden 1.5L","p":2.99,"u":"1,99 €/L","img":"https://fd8-photos.leclercdrive.fr/image.ashx?id=2919667&use=l&cat=p&typeid=i","cat":284522},{"id":223498,"n":"Ketchup Rustica 900g","p":1.79,"u":"1,99 €/KG","img":"https://fd8-photos.leclercdrive.fr/image.ashx?id=2954394&use=l&cat=p&typeid=i","cat":284455},{"id":223500,"n":"Mais croquant Notre Jardin 2x285g","p":1.7,"u":"2,98 €/KG","img":"https://fd8-photos.leclercdrive.fr/image.ashx?id=3005694&use=l&cat=p&typeid=i","cat":312611},{"id":223521,"n":"Biscuit bio  Nocciolata bianca Fourré pâte à tartiner - 250g","p":4.24,"u":"16,96 €/KG","img":"https://fd8-photos.leclercdrive.fr/image.ashx?id=2664554&use=l&cat=p&typeid=i","cat":284487},{"id":223527,"n":"Anti-moustiques Marie Rose Zones tropicales - 100ml","p":7.69,"u":"76,90 €/L","img":"https://fd8-photos.leclercdrive.fr/image.ashx?id=2684455&use=l&cat=p&typeid=i","cat":299654},{"id":223538,"n":"Bloc Energy 5 actions WC Net Javel Agrumes et iris - 38g","p":1.78,"u":"46,84 €/KG","img":"https://fd8-photos.leclercdrive.fr/image.ashx?id=2664452&use=l&cat=p&typeid=i","cat":284662},{"id":223540,"n":"Bloc Energy 5 actions WC Net Lavande et patchouli - 38g","p":1.63,"u":"42,89 €/KG","img":"https://fd8-photos.leclercdrive.fr/image.ashx?id=2664458&use=l&cat=p&typeid=i","cat":284662},{"id":223541,"n":"Bloc Energy 5 actions WC Net Citronniers et tilleul - 38g","p":2.25,"u":"59,21 €/KG","img":"https://fd8-photos.leclercdrive.fr/image.ashx?id=2664461&use=l&cat=p&typeid=i","cat":284662},{"id":223542,"n":"Bloc Energy WC Net Eau bleue / Marine fresh 40g","p":1.78,"u":"44,50 €/KG","img":"https://fd8-photos.leclercdrive.fr/image.ashx?id=2664464&use=l&cat=p&typeid=i","cat":284662},{"id":223554,"n":"Tablettes WC Harpic  Power Plus Fraicheur Active- x6","p":3.99,"u":"29,56 €/KG","img":"https://fd8-photos.leclercdrive.fr/image.ashx?id=2665391&use=l&cat=p&typeid=i","cat":284662},{"id":223560,"n":"Culottes fuites urinaires Always Discreet - Taille M x13","p":10.85,"u":"0,83 €/P","img":"https://fd8-photos.leclercdrive.fr/image.ashx?id=2927029&use=l&cat=p&typeid=i","cat":284628},{"id":223572,"n":"Serviettes fuites urinaires Always Discreet - Normal x24","p":8.35,"u":"0,35 €/P","img":"https://fd8-photos.leclercdrive.fr/image.ashx?id=2680467&use=l&cat=p&typeid=i","cat":284628},{"id":223574,"n":"Serviettes fuites urinaires Always Discreet - Nuit - x12","p":8.44,"u":"0,70 €/P","img":"https://fd8-photos.leclercdrive.fr/image.ashx?id=2685459&use=l&cat=p&typeid=i","cat":284628},{"id":223578,"n":"Serviettes fuites urinaires Always Discreet - Long - x26","p":9.59,"u":"0,37 €/P","img":"https://fd8-photos.leclercdrive.fr/image.ashx?id=2685465&use=l&cat=p&typeid=i","cat":284628},{"id":223579,"n":"Serviettes fuites urinaires Always Discreet - Long+ - x8","p":4.26,"u":"0,53 €/P","img":"https://fd8-photos.leclercdrive.fr/image.ashx?id=3005386&use=l&cat=p&typeid=i","cat":284628},{"id":223581,"n":"Serviettes fuites urinaires Always Discreet - Long+ - x16","p":8.23,"u":"0,51 €/P","img":"https://fd8-photos.leclercdrive.fr/image.ashx?id=2685471&use=l&cat=p&typeid=i","cat":284628},{"id":223583,"n":"Serviettes fuites urinaires Always Discreet - Normal - x12","p":3.43,"u":"0,29 €/P","img":"https://fd8-photos.leclercdrive.fr/image.ashx?id=2665517&use=l&cat=p&typeid=i","cat":284628},{"id":223586,"n":"Serviettes fuites urinaires Always Discreet - Taille S x20","p":4.3,"u":"0,22 €/P","img":"https://fd8-photos.leclercdrive.fr/image.ashx?id=3009221&use=l&cat=p&typeid=i","cat":284628},{"id":223587,"n":"Serviettes fuites urinaires Always Discreet - Long - x10","p":4.09,"u":"0,41 €/P","img":"https://fd8-photos.leclercdrive.fr/image.ashx?id=2685474&use=l&cat=p&typeid=i","cat":284628},{"id":223588,"n":"Serviettes fuites urinaires Always Discreet - Nuit - x16","p":9.44,"u":"0,59 €/P","img":"https://fd8-photos.leclercdrive.fr/image.ashx?id=2680479&use=l&cat=p&typeid=i","cat":284628},{"id":223589,"n":"Serviettes fuites urinaires Always Discreet - x8","p":5.75,"u":"0,72 €/P","img":"https://fd8-photos.leclercdrive.fr/image.ashx?id=2953995&use=l&cat=p&typeid=i","cat":284628},{"id":223604,"n":"Shampoing fortifiant Fructis Antipelliculaire - 300ml","p":2.87,"u":"9,57 €/L","img":"https://fd8-photos.leclercdrive.fr/image.ashx?id=2667862&use=l&cat=p&typeid=i","cat":284606},{"id":223606,"n":"Crème Douche Nourrissante Cadum Miel de Fleurs Bio - 750ml","p":4.05,"u":"5,40 €/L","img":"https://fd8-photos.leclercdrive.fr/image.ashx?id=2805465&use=l&cat=p&typeid=i","cat":284594},{"id":223607,"n":"Gel Corps et Cheveux Cadum Hypoallergénique - 750ml","p":4.75,"u":"6,33 €/L","img":"https://fd8-photos.leclercdrive.fr/image.ashx?id=2802512&use=l&cat=p&typeid=i","cat":284594},{"id":223608,"n":"Crème Douche Tolérance Cadum Sans Sulfate - 400ml","p":2.53,"u":"6,33 €/L","img":"https://fd8-photos.leclercdrive.fr/image.ashx?id=2696007&use=l&cat=p&typeid=i","cat":284594},{"id":223612,"n":"Désodorisant Febreze Petit coin Linge frais - 7.5ml","p":4.15,"u":"518,75 €/L","img":"https://fd8-photos.leclercdrive.fr/image.ashx?id=2955233&use=l&cat=p&typeid=i","cat":311628},{"id":223631,"n":"Huile précieuse Gliss Hair Repair - Schwarzkopf - 75ml","p":8.09,"u":"107,87 €/L","img":"https://fd8-photos.leclercdrive.fr/image.ashx?id=2665274&use=l&cat=p&typeid=i","cat":284608},{"id":223648,"n":"Rasoir Gillette Skinguard + 1 recharge - Aloe vera - x1","p":10.59,"img":"https://fd8-photos.leclercdrive.fr/image.ashx?id=2665499&use=l&cat=p&typeid=i","cat":284616},{"id":223654,"n":"Shampooing Head & shoulders 2en1 - Anti-démangeaisons 300ml","p":5.62,"u":"18,73 €/L","img":"https://fd8-photos.leclercdrive.fr/image.ashx?id=2828964&use=l&cat=p&typeid=i","cat":284606},{"id":223703,"n":"Petits oeufs  novi 280g","p":9.01,"u":"32,18 €/KG","img":"https://fd8-photos.leclercdrive.fr/image.ashx?id=2666333&use=l&cat=p&typeid=i","cat":284499},{"id":223769,"n":"Œuf flamme chocolat  surprise Sonic 165g","p":8.95,"u":"54,24 €/KG","img":"https://fd8-photos.leclercdrive.fr/image.ashx?id=2953579&use=l&cat=p&typeid=i","cat":284958},{"id":223770,"n":"Œuf flamme chocolat  Surprise  Naruto 165g","p":8.95,"u":"54,24 €/KG","img":"https://fd8-photos.leclercdrive.fr/image.ashx?id=2671350&use=l&cat=p&typeid=i","cat":284958},{"id":223834,"n":"Shampooing Head & shoulders Apple fresh - 330ml","p":6.05,"u":"18,33 €/L","img":"https://fd8-photos.leclercdrive.fr/image.ashx?id=2668767&use=l&cat=p&typeid=i","cat":284606},{"id":223850,"n":"Déodorant Spray Femme Narta Anti-Trace Blanche 48h - 200ml","p":2.38,"u":"11,90 €/L","img":"https://fd8-photos.leclercdrive.fr/image.ashx?id=2678589&use=l&cat=p&typeid=i","cat":284595},{"id":223851,"n":"Déodorant Spray Homme 48h Narta Fraîcheur Classique - 200mL","p":2.42,"u":"12,10 €/L","img":"https://fd8-photos.leclercdrive.fr/image.ashx?id=2675511&use=l&cat=p&typeid=i","cat":284618},{"id":223852,"n":"Déodorant Spray Homme Sans Alcool - Anti-transpirant 200ml","p":2.4,"u":"12,00 €/L","img":"https://fd8-photos.leclercdrive.fr/image.ashx?id=2681880&use=l&cat=p&typeid=i","cat":284618},{"id":223853,"n":"Déodorant Spray Femme Narta Fraîcheur Cologne 48h - 200ml","p":2.38,"u":"11,90 €/L","img":"https://fd8-photos.leclercdrive.fr/image.ashx?id=2678592&use=l&cat=p&typeid=i","cat":284595},{"id":223855,"n":"Déodorant Spray Homme 48h Narta Anti-Traces Blanches - 200ml","p":2.39,"u":"11,95 €/L","img":"https://fd8-photos.leclercdrive.fr/image.ashx?id=2681883&use=l&cat=p&typeid=i","cat":284618},{"id":223857,"n":"Déodorant Spray Femme Narta 48h Sans Alcool - 200ML","p":2.39,"u":"11,95 €/L","img":"https://fd8-photos.leclercdrive.fr/image.ashx?id=2680242&use=l&cat=p&typeid=i","cat":284595},{"id":223883,"n":"Gel cheveux Taft  Effet mouillé - 300ml","p":3.97,"u":"13,23 €/L","img":"https://fd8-photos.leclercdrive.fr/image.ashx?id=2666773&use=l&cat=p&typeid=i","cat":284609},{"id":223885,"n":"Crème de douche Ushuaïa Coco - 300ml","p":2.52,"u":"8,40 €/L","img":"https://fd8-photos.leclercdrive.fr/image.ashx?id=2682303&use=l&cat=p&typeid=i","cat":284594},{"id":223893,"n":"Lingettes de nettoyage Swiffer Wet Jet - x12","p":7.19,"u":"0,60 €/P","img":"https://fd8-photos.leclercdrive.fr/image.ashx?id=2948525&use=l&cat=p&typeid=i","cat":325364},{"id":223920,"n":"Film fraîcheur Albal 50m","p":4.15,"img":"https://fd8-photos.leclercdrive.fr/image.ashx?id=2929059&use=l&cat=p&typeid=i","cat":285194},{"id":223922,"n":"Bonbon Fun for all Trolli  1kg","p":7.19,"u":"7,19 €/KG","img":"https://fd8-photos.leclercdrive.fr/image.ashx?id=2890352&use=l&cat=p&typeid=i","cat":304250},{"id":223925,"n":"Riz Long grain Ben's original Vrac 10mn - 1kg","p":3.2,"u":"3,20 €/KG","img":"https://fd8-photos.leclercdrive.fr/image.ashx?id=2990961&use=l&cat=p&typeid=i","cat":284428},{"id":224064,"n":"Mini bâtonnets surimi MSC Fleury Michon - 230g","p":2.89,"u":"12,57 €/KG","img":"https://fd8-photos.leclercdrive.fr/image.ashx?id=2936914&use=l&cat=p&typeid=i","cat":285189},{"id":224082,"n":"Biscuits croquants Délichoc Chocolat au lait pocket - 250g","p":2.99,"u":"11,96 €/KG","img":"https://fd8-photos.leclercdrive.fr/image.ashx?id=2682192&use=l&cat=p&typeid=i","cat":284488},{"id":224090,"n":"Billes Mozzarella di Bufala DOP Tradizioni d'Italia - 120g","p":2.29,"u":"19,08 €/KG","img":"https://fd8-photos.leclercdrive.fr/image.ashx?id=2953671&use=l&cat=p&typeid=i","cat":314026},{"id":224092,"n":"Noix de joue de boeuf Férial Carotte oignon - 400g","p":5.99,"u":"14,98 €/KG","img":"https://fd8-photos.leclercdrive.fr/image.ashx?id=2670509&use=l&cat=p&typeid=i","cat":284328},{"id":224232,"n":"Dentrifrice Sanogyl Soin global - 3x75ml","p":7.86,"u":"34,93 €/L","img":"https://fd8-photos.leclercdrive.fr/image.ashx?id=2669172&use=l&cat=p&typeid=i","cat":284612},{"id":224237,"n":"Box All Italiana Sodebo  Cacio & Pepe - 280g","p":3.49,"u":"12,46 €/KG","img":"https://fd8-photos.leclercdrive.fr/image.ashx?id=2786267&use=l&cat=p&typeid=i","cat":334983},{"id":224240,"n":"Dentifrice L'Arbre vert Blancheur - Mente - 75ml","p":1.74,"u":"23,20 €/L","img":"https://fd8-photos.leclercdrive.fr/image.ashx?id=2892805&use=l&cat=p&typeid=i","cat":284612},{"id":224263,"n":"Monster Energy zéro sucres 50cl","p":1.69,"u":"3,38 €/L","img":"https://fd8-photos.leclercdrive.fr/image.ashx?id=2669358&use=l&cat=p&typeid=i","cat":284533},{"id":224264,"n":"Monster Ultra gold 50cl","p":1.73,"u":"3,46 €/L","img":"https://fd8-photos.leclercdrive.fr/image.ashx?id=2669355&use=l&cat=p&typeid=i","cat":284533},{"id":224265,"n":"Monster Energy Juice Bad apple 50cl","p":1.69,"u":"3,38 €/L","img":"https://fd8-photos.leclercdrive.fr/image.ashx?id=2759044&use=l&cat=p&typeid=i","cat":284533},{"id":224350,"n":"Mascara L'Oréal Panorama - Noir - x1","p":11.95,"pp":7.89,"img":"https://fd8-photos.leclercdrive.fr/image.ashx?id=2973538&use=l&cat=p&typeid=i","cat":287029},{"id":224351,"n":"Mascara L'Oréal Paris Panorama - Brown - 10.5ml","p":11.95,"pp":7.89,"u":"789,00 €/L","img":"https://fd8-photos.leclercdrive.fr/image.ashx?id=2946484&use=l&cat=p&typeid=i","cat":287029},{"id":224353,"n":"Eosine Mercurochrome 2% Solution aquese - 100ml","p":2.25,"u":"22,50 €/L","img":"https://fd8-photos.leclercdrive.fr/image.ashx?id=2670710&use=l&cat=p&typeid=i","cat":284630},{"id":224354,"n":"Répulsif Anti-moustiques  Marie Rose - Végétale 100ml","p":8.52,"u":"85,20 €/L","img":"https://fd8-photos.leclercdrive.fr/image.ashx?id=2670713&use=l&cat=p&typeid=i","cat":299654},{"id":224355,"n":"Masque Nutrition Intense Elsève Cheveux très Secs - 310ml","p":5.08,"u":"16,39 €/L","img":"https://fd8-photos.leclercdrive.fr/image.ashx?id=2739312&use=l&cat=p&typeid=i","cat":284608},{"id":224359,"n":"Crème Visage Homme Nivea Men Anti-taches Power 2en1 - 50ml","p":13.4,"pp":8.84,"u":"176,80 €/L","img":"https://fd8-photos.leclercdrive.fr/image.ashx?id=3014617&use=l&cat=p&typeid=i","cat":284622},{"id":224360,"n":"Sérum Visage Homme Nivea Men Anti-taches Power 2en1 - 30ml","p":14.62,"pp":9.65,"u":"321,67 €/L","img":"https://fd8-photos.leclercdrive.fr/image.ashx?id=2944915&use=l&cat=p&typeid=i","cat":284622},{"id":224361,"n":"Lait Corps Anti-taches  Nivea Anti-vergeture Luminous - 200ml","p":12.35,"u":"61,75 €/L","img":"https://fd8-photos.leclercdrive.fr/image.ashx?id=2689049&use=l&cat=p&typeid=i","cat":325349},{"id":224362,"n":"Huile Corps Anti-taches  Nivea Anti-vergeture Luminous - 100ml","p":12.35,"u":"123,50 €/L","img":"https://fd8-photos.leclercdrive.fr/image.ashx?id=2689052&use=l&cat=p&typeid=i","cat":325349},{"id":224434,"n":"Yaourt à la grecque Délisse Vanille - 4x150g","p":2.39,"u":"3,98 €/KG","img":"https://fd8-photos.leclercdrive.fr/image.ashx?id=2885143&use=l&cat=p&typeid=i","cat":314999},{"id":224598,"n":"Boudin noir  x2 - 240g","p":3.89,"u":"16,21 €/KG","img":"https://fd8-photos.leclercdrive.fr/image.ashx?id=2688962&use=l&cat=p&typeid=i","cat":316012},{"id":224670,"n":"Eau minérale naturelle Hépar 6x75cl","p":4.0,"u":"0,89 €/L","img":"https://fd8-photos.leclercdrive.fr/image.ashx?id=2673361&use=l&cat=p&typeid=i","cat":284535},{"id":224706,"n":"Gnocchi star à poêler Lustucru  300g","p":1.99,"u":"6,63 €/KG","img":"https://fd8-photos.leclercdrive.fr/image.ashx?id=2921630&use=l&cat=p&typeid=i","cat":333682},{"id":224717,"n":"Gnocchi roll à poêler Lustucru Cheddar bacon - 280g","p":2.59,"u":"9,25 €/KG","img":"https://fd8-photos.leclercdrive.fr/image.ashx?id=2995121&use=l&cat=p&typeid=i","cat":333682},{"id":224762,"n":"Infusion Elephant  Douce elimination - x20 - 36g","p":2.23,"u":"61,94 €/KG","img":"https://fd8-photos.leclercdrive.fr/image.ashx?id=2677633&use=l&cat=p&typeid=i","cat":293234},{"id":224782,"n":"Madeleine Bonne Maman Pur beurre - 600g","p":4.24,"u":"7,07 €/KG","img":"https://fd8-photos.leclercdrive.fr/image.ashx?id=2986287&use=l&cat=p&typeid=i","cat":284492},{"id":224783,"n":"Liqueur Rivière du Mat L'Onctueux - 70cl","p":13.94,"u":"19,91 €/L","img":"https://fd8-photos.leclercdrive.fr/image.ashx?id=2693539&use=l&cat=p&typeid=i","cat":286032},{"id":224787,"n":"Liqueur Rivière du Mat Vanille Bourbon 17° - 70cl","p":13.55,"u":"19,36 €/L","img":"https://fd8-photos.leclercdrive.fr/image.ashx?id=2740001&use=l&cat=p&typeid=i","cat":286032},{"id":224805,"n":"Biscuits Kinder Kinderini Nature et cacao - 250g","p":2.78,"u":"11,12 €/KG","img":"https://fd8-photos.leclercdrive.fr/image.ashx?id=2708372&use=l&cat=p&typeid=i","cat":284488},{"id":224808,"n":"Riz Citron Ben's original  Express 2mn - 220g","p":1.33,"u":"6,05 €/KG","img":"https://fd8-photos.leclercdrive.fr/image.ashx?id=2906442&use=l&cat=p&typeid=i","cat":287600},{"id":224818,"n":"Riz Basmati Ben's original  Express 2mn - 220g","p":1.28,"u":"5,82 €/KG","img":"https://fd8-photos.leclercdrive.fr/image.ashx?id=2995292&use=l&cat=p&typeid=i","cat":287600},{"id":224822,"n":"Muesli energie Bjorg Bio - 375g","p":3.1,"u":"8,27 €/KG","img":"https://fd8-photos.leclercdrive.fr/image.ashx?id=2906259&use=l&cat=p&typeid=i","cat":309512},{"id":224825,"n":"Croustillant Bjorg Bio Chocolat intense - 450g","p":3.39,"u":"7,53 €/KG","img":"https://fd8-photos.leclercdrive.fr/image.ashx?id=2939472&use=l&cat=p&typeid=i","cat":309512},{"id":224830,"n":"Riz Complet Ben's original Vrac 12mn - 1kg","p":4.45,"u":"4,45 €/KG","img":"https://fd8-photos.leclercdrive.fr/image.ashx?id=2886307&use=l&cat=p&typeid=i","cat":284428},{"id":224839,"n":"Riz a la Creole Ben's original  Express 2mn - 220g","p":1.56,"u":"7,09 €/KG","img":"https://fd8-photos.leclercdrive.fr/image.ashx?id=2886265&use=l&cat=p&typeid=i","cat":287600},{"id":224841,"n":"Riz a l'Indienne Ben's original  Express 2mn - 220g","p":1.56,"u":"7,09 €/KG","img":"https://fd8-photos.leclercdrive.fr/image.ashx?id=2886268&use=l&cat=p&typeid=i","cat":287600},{"id":224856,"n":"Jus innocent ananas fraise 900ml","p":2.92,"u":"3,24 €/L","img":"https://fd8-photos.leclercdrive.fr/image.ashx?id=2879122&use=l&cat=p&typeid=i","cat":285435},{"id":224857,"n":"Jus innocent plus  yellow immunity 750ml","p":2.4,"u":"3,20 €/L","img":"https://fd8-photos.leclercdrive.fr/image.ashx?id=2736565&use=l&cat=p&typeid=i","cat":285435},{"id":224872,"n":"Riz Complet Ben's original  Express 2mn - 220g","p":1.38,"u":"6,27 €/KG","img":"https://fd8-photos.leclercdrive.fr/image.ashx?id=2886969&use=l&cat=p&typeid=i","cat":287600},{"id":224873,"n":"Riz Paella Ben's original Express 2mn - 220g","p":1.37,"u":"6,23 €/KG","img":"https://fd8-photos.leclercdrive.fr/image.ashx?id=2995310&use=l&cat=p&typeid=i","cat":287600},{"id":224874,"n":"Riz Champignons Ben's original Express 2mn - 220g","p":1.32,"u":"6,00 €/KG","img":"https://fd8-photos.leclercdrive.fr/image.ashx?id=2995307&use=l&cat=p&typeid=i","cat":287600},{"id":224876,"n":"Riz Long grain Ben's original  Express 2mn - 220g","p":1.32,"u":"6,00 €/KG","img":"https://fd8-photos.leclercdrive.fr/image.ashx?id=2995298&use=l&cat=p&typeid=i","cat":287600},{"id":224877,"n":"Riz Cantonais Ben's original  Express 2mn - 220g","p":1.34,"u":"6,09 €/KG","img":"https://fd8-photos.leclercdrive.fr/image.ashx?id=2995304&use=l&cat=p&typeid=i","cat":287600},{"id":224879,"n":"Riz Curry Ben's original Express 2mn - 220g","p":1.38,"u":"6,27 €/KG","img":"https://fd8-photos.leclercdrive.fr/image.ashx?id=2906433&use=l&cat=p&typeid=i","cat":287600},{"id":224880,"n":"Riz aux Légumes Ben's original Express 2mn - 220g","p":1.38,"u":"6,27 €/KG","img":"https://fd8-photos.leclercdrive.fr/image.ashx?id=2906430&use=l&cat=p&typeid=i","cat":287600},{"id":224881,"n":"Risotto Poulet Ben's original  Express 3mn - 250g","p":1.92,"u":"7,68 €/KG","img":"https://fd8-photos.leclercdrive.fr/image.ashx?id=2886124&use=l&cat=p&typeid=i","cat":287600},{"id":224882,"n":"Riz Long grain Ben's original  Sachet cuisson 10mn - 1kg","p":3.35,"u":"3,35 €/KG","img":"https://fd8-photos.leclercdrive.fr/image.ashx?id=2957272&use=l&cat=p&typeid=i","cat":284428},{"id":224883,"n":"Riz Long Grain Ben's original Sachet cuisson 10mn - 750g","p":3.02,"u":"4,03 €/KG","img":"https://fd8-photos.leclercdrive.fr/image.ashx?id=2886313&use=l&cat=p&typeid=i","cat":284428},{"id":224888,"n":"Riz Long grain Ben's original Vrac 20mn - 1kg","p":3.65,"u":"3,65 €/KG","img":"https://fd8-photos.leclercdrive.fr/image.ashx?id=2886301&use=l&cat=p&typeid=i","cat":284428},{"id":224927,"n":"Boulette oignons bio Cereal Bio  Veggie - 175g","p":2.48,"u":"14,17 €/KG","img":"https://fd8-photos.leclercdrive.fr/image.ashx?id=2675097&use=l&cat=p&typeid=i","cat":284953},{"id":224928,"n":"Boulette barbecue Cereal Bio  Veggie - 175g","p":2.48,"u":"14,17 €/KG","img":"https://fd8-photos.leclercdrive.fr/image.ashx?id=2675094&use=l&cat=p&typeid=i","cat":284953},{"id":224930,"n":"Lait d'avoine Bjorg Bio Vanille - 1L","p":2.75,"u":"2,75 €/L","img":"https://fd8-photos.leclercdrive.fr/image.ashx?id=2906253&use=l&cat=p&typeid=i","cat":316067},{"id":224931,"n":"Boisson soja Bjorg Bio Proteines - 1L","p":2.1,"u":"2,10 €/L","img":"https://fd8-photos.leclercdrive.fr/image.ashx?id=2939469&use=l&cat=p&typeid=i","cat":316067},{"id":224932,"n":"Boisson végétale Bjorg Bio noisettes sans sucres - 1L","p":2.98,"u":"2,98 €/L","img":"https://fd8-photos.leclercdrive.fr/image.ashx?id=2939466&use=l&cat=p&typeid=i","cat":316067},{"id":224933,"n":"Infusions Elephant Coffret découverte x50 - 89g","p":9.5,"pp":6.65,"u":"74,72 €/KG","img":"https://fd8-photos.leclercdrive.fr/image.ashx?id=2834839&use=l&cat=p&typeid=i","cat":293234},{"id":224937,"n":"Plat en morceaux Bledina 200g","p":2.17,"u":"10,85 €/KG","img":"https://fd8-photos.leclercdrive.fr/image.ashx?id=2866298&use=l&cat=p&typeid=i","cat":312239},{"id":224938,"n":"Liqueur au rhum Valois & Cie Mangue & abricot - 70cl","p":16.69,"u":"23,84 €/L","img":"https://fd8-photos.leclercdrive.fr/image.ashx?id=2954803&use=l&cat=p&typeid=i","cat":284550},{"id":224939,"n":"Liqueur au rhum Valoie & Cie FRamboise - 70cl","p":19.1,"u":"27,29 €/L","img":"https://fd8-photos.leclercdrive.fr/image.ashx?id=2954806&use=l&cat=p&typeid=i","cat":284550},{"id":224976,"n":"Shampooing Kératine Ogx Du brésil Cheveux frisés 385ml","p":10.99,"u":"28,55 €/L","img":"https://fd8-photos.leclercdrive.fr/image.ashx?id=2805075&use=l&cat=p&typeid=i","cat":284606},{"id":224980,"n":"Après-shamppoing Kératine OGX Du Brésil Cheveux frisés 385ml","p":6.6,"u":"17,14 €/L","img":"https://fd8-photos.leclercdrive.fr/image.ashx?id=2805078&use=l&cat=p&typeid=i","cat":284607},{"id":224985,"n":"Crème fixative Polident Power Max - Ultimate - 2x40g","p":7.9,"u":"98,75 €/KG","img":"https://fd8-photos.leclercdrive.fr/image.ashx?id=2921088&use=l&cat=p&typeid=i","cat":285158},{"id":225053,"n":"Lames Gillette Fusion Proglide x12","p":46.95,"u":"3,91 €/P","img":"https://fd8-photos.leclercdrive.fr/image.ashx?id=2676231&use=l&cat=p&typeid=i","cat":284616},{"id":225121,"n":"Shampooing Head & Shoulders Citrus fresh - 2en1 - 3x300ml","p":13.9,"u":"15,44 €/L","img":"https://fd8-photos.leclercdrive.fr/image.ashx?id=2678227&use=l&cat=p&typeid=i","cat":284606},{"id":225122,"n":"Shampooing Head & Shoulders Classic - 2en1 - 3x300ml","p":13.86,"u":"15,40 €/L","img":"https://fd8-photos.leclercdrive.fr/image.ashx?id=2855789&use=l&cat=p&typeid=i","cat":284606},{"id":225124,"n":"Shampooing Head & Shoulders Anti-démangeaisons 2en1 3x300ml","p":13.86,"u":"15,40 €/L","img":"https://fd8-photos.leclercdrive.fr/image.ashx?id=2678233&use=l&cat=p&typeid=i","cat":284606},{"id":225131,"n":"Shampooing Head & Shoulders Deep cleanse - 3x250ml","p":14.52,"u":"19,36 €/L","img":"https://fd8-photos.leclercdrive.fr/image.ashx?id=2947237&use=l&cat=p&typeid=i","cat":284606},{"id":225141,"n":"Shampooing Head & Shoulders Pure intense - 3x250ml","p":14.9,"u":"19,87 €/L","img":"https://fd8-photos.leclercdrive.fr/image.ashx?id=2678239&use=l&cat=p&typeid=i","cat":284606},{"id":225210,"n":"Infusion Yogi Bio Gingembre Citron  X15 - 30g","p":2.06,"u":"68,67 €/KG","img":"https://fd8-photos.leclercdrive.fr/image.ashx?id=2677498&use=l&cat=p&typeid=i","cat":293234},{"id":225213,"n":"Thé Matcha Energie Yogi Bio x15 - 27g","p":2.06,"u":"76,30 €/KG","img":"https://fd8-photos.leclercdrive.fr/image.ashx?id=2677495&use=l&cat=p&typeid=i","cat":293234},{"id":225214,"n":"Infusion Yogi bio  Gingembre orange - x15 - 27g","p":2.06,"u":"76,30 €/KG","img":"https://fd8-photos.leclercdrive.fr/image.ashx?id=2677492&use=l&cat=p&typeid=i","cat":293234},{"id":225215,"n":"Infusion Yogi detox Bio énergie - x15 - 27g","p":2.06,"u":"76,30 €/KG","img":"https://fd8-photos.leclercdrive.fr/image.ashx?id=2677489&use=l&cat=p&typeid=i","cat":293234},{"id":225217,"n":"Infusion Nuit Calme Yogi Bio x15 - 27g","p":2.06,"u":"76,30 €/KG","img":"https://fd8-photos.leclercdrive.fr/image.ashx?id=2677486&use=l&cat=p&typeid=i","cat":293234},{"id":225218,"n":"Thé Chaï aux Epices Yogi Bio  x15 - 27g","p":2.68,"u":"89,33 €/KG","img":"https://fd8-photos.leclercdrive.fr/image.ashx?id=2677483&use=l&cat=p&typeid=i","cat":293234},{"id":225247,"n":"Pain nature Gerblé   Sans Gluten  - 200g","p":1.82,"u":"9,10 €/KG","img":"https://fd8-photos.leclercdrive.fr/image.ashx?id=2677303&use=l&cat=p&typeid=i","cat":318654},{"id":225250,"n":"Recettes du Marché Tramier  Marinade Citron & Thym 150g","p":2.33,"u":"15,53 €/KG","img":"https://fd8-photos.leclercdrive.fr/image.ashx?id=2882617&use=l&cat=p&typeid=i","cat":284458},{"id":225254,"n":"Complément alimentaires  Juvamine  articulations","p":5.95,"u":"371,88 €/KG","img":"https://fd8-photos.leclercdrive.fr/image.ashx?id=2960153&use=l&cat=p&typeid=i","cat":313217},{"id":225256,"n":"Recettes du Marché Tramier  Basilic Herbes de Provence 150g","p":2.26,"u":"15,07 €/KG","img":"https://fd8-photos.leclercdrive.fr/image.ashx?id=2882611&use=l&cat=p&typeid=i","cat":284450},{"id":225275,"n":"Doomino Chocolat blanc St-Michel - 180g","p":1.7,"u":"9,44 €/KG","img":"https://fd8-photos.leclercdrive.fr/image.ashx?id=2950003&use=l&cat=p&typeid=i","cat":284495},{"id":225276,"n":"Galette moelleuse tigrée Choco blanc - St Michel - 180g","p":1.97,"u":"10,94 €/KG","img":"https://fd8-photos.leclercdrive.fr/image.ashx?id=2953501&use=l&cat=p&typeid=i","cat":284495},{"id":225277,"n":"Moelleux au chocolat  Bonne maman - 300g","p":3.55,"u":"11,83 €/KG","img":"https://fd8-photos.leclercdrive.fr/image.ashx?id=2936287&use=l&cat=p&typeid=i","cat":284495},{"id":225278,"n":"Petits feuilletés Bonne maman - 250g","p":2.19,"u":"8,76 €/KG","img":"https://fd8-photos.leclercdrive.fr/image.ashx?id=2950012&use=l&cat=p&typeid=i","cat":284488},{"id":225285,"n":"Shampooing Head & Shoulders Citrus - 3X330ml","p":13.86,"u":"14,00 €/L","img":"https://fd8-photos.leclercdrive.fr/image.ashx?id=2760534&use=l&cat=p&typeid=i","cat":284606},{"id":225286,"n":"Shampooing Head & Shoulders Menthol fresh - 3x330ml","p":13.86,"u":"14,00 €/L","img":"https://fd8-photos.leclercdrive.fr/image.ashx?id=2866169&use=l&cat=p&typeid=i","cat":284606},{"id":225298,"n":"Dentifrice Oral-B Pro-science Sensibilité & gencives - 3x75ml","p":11.24,"u":"49,96 €/L","img":"https://fd8-photos.leclercdrive.fr/image.ashx?id=2679404&use=l&cat=p&typeid=i","cat":284612},{"id":225309,"n":"Bière blonde Kronenbourg 4,2° - 30x25cl","p":15.85,"u":"2,11 €/L","img":"https://fd8-photos.leclercdrive.fr/image.ashx?id=2992759&use=l&cat=p&typeid=i","cat":334873},{"id":225310,"n":"Boisson aux Fruits Tropico Tropical - Bouteille - 1,25L","p":1.84,"u":"1,47 €/L","img":"https://fd8-photos.leclercdrive.fr/image.ashx?id=2736811&use=l&cat=p&typeid=i","cat":295018},{"id":225311,"n":"Boisson Tropico Orange Ananas - 1.25 L","p":1.85,"u":"1,48 €/L","img":"https://fd8-photos.leclercdrive.fr/image.ashx?id=2977702&use=l&cat=p&typeid=i","cat":295018},{"id":225312,"n":"Boisson aux fruits Tropico  Fraise Kiwi - Bouteille - 1,25L","p":1.89,"u":"1,51 €/L","img":"https://fd8-photos.leclercdrive.fr/image.ashx?id=2682370&use=l&cat=p&typeid=i","cat":295018},{"id":225313,"n":"Complément alimentaire Juvamine Charbon - x40 - 16g","p":3.72,"u":"232,50 €/KG","img":"https://fd8-photos.leclercdrive.fr/image.ashx?id=2785853&use=l&cat=p&typeid=i","cat":313217},{"id":225316,"n":"Biscuit petit déj Gerblé Chocolat - 200g","p":1.77,"u":"8,85 €/KG","img":"https://fd8-photos.leclercdrive.fr/image.ashx?id=2679014&use=l&cat=p&typeid=i","cat":318651},{"id":225344,"n":"Lames Gillette Mach3 x16","p":43.37,"u":"2,71 €/P","img":"https://fd8-photos.leclercdrive.fr/image.ashx?id=2679684&use=l&cat=p&typeid=i","cat":284616},{"id":225370,"n":"Boisson énergisante Rockstar Orange sanguine - 50cl","p":1.45,"u":"2,90 €/L","img":"https://fd8-photos.leclercdrive.fr/image.ashx?id=2679011&use=l&cat=p&typeid=i","cat":284533},{"id":225422,"n":"Pommes de terre C'est Qui Le Patron - 2kg","p":2.99,"u":"1,50 €/KG","img":"https://fd8-photos.leclercdrive.fr/image.ashx?id=2679482&use=l&cat=p&typeid=i","cat":284352},{"id":225440,"n":"Duo de poissons Fleury Michon Riz cuisiné sauce citron - 280g","p":2.89,"u":"10,32 €/KG","img":"https://fd8-photos.leclercdrive.fr/image.ashx?id=3003266&use=l&cat=p&typeid=i","cat":333665},{"id":225441,"n":"Fusilli au poulet Fleury Michon Sauce champignons - 280g","p":2.86,"u":"10,21 €/KG","img":"https://fd8-photos.leclercdrive.fr/image.ashx?id=3003233&use=l&cat=p&typeid=i","cat":333665},{"id":225442,"n":"Jambon purée Fleury Michon à la crème fraîche - 300g","p":2.86,"u":"9,53 €/KG","img":"https://fd8-photos.leclercdrive.fr/image.ashx?id=3003269&use=l&cat=p&typeid=i","cat":333665},{"id":225443,"n":"Risotto Fleury Michon Saint Jacques poireaux - 280g","p":3.99,"u":"14,25 €/KG","img":"https://fd8-photos.leclercdrive.fr/image.ashx?id=3003263&use=l&cat=p&typeid=i","cat":333665},{"id":225447,"n":"Les tranches Fleury Michon Haricots blancs x4 - 120g","p":2.29,"u":"19,08 €/KG","img":"https://fd8-photos.leclercdrive.fr/image.ashx?id=2902010&use=l&cat=p&typeid=i","cat":316036},{"id":225461,"n":"Déodorant Bille Homme 48h Narta Anti-traces - 50ml","p":2.69,"u":"53,80 €/L","img":"https://fd8-photos.leclercdrive.fr/image.ashx?id=2681859&use=l&cat=p&typeid=i","cat":284618},{"id":225462,"n":"Déodorant Bille Femme Narta Anti-Transpirant 48h - 50ml","p":2.38,"u":"47,60 €/L","img":"https://fd8-photos.leclercdrive.fr/image.ashx?id=2681862&use=l&cat=p&typeid=i","cat":284595},{"id":225463,"n":"Déodorant Bille Homme 48h Narta Fraîcheur Polaire - 50ml","p":2.38,"u":"47,60 €/L","img":"https://fd8-photos.leclercdrive.fr/image.ashx?id=2681865&use=l&cat=p&typeid=i","cat":284618},{"id":225464,"n":"Déodorant Bille bio Femme Narta Sans Alcool - 50ml","p":2.38,"u":"47,60 €/L","img":"https://fd8-photos.leclercdrive.fr/image.ashx?id=2681868&use=l&cat=p&typeid=i","cat":284595},{"id":225465,"n":"Déodorant Bille Femme Narta Anti-Traces 48h - 50ml","p":2.42,"u":"48,40 €/L","img":"https://fd8-photos.leclercdrive.fr/image.ashx?id=2681871&use=l&cat=p&typeid=i","cat":284595},{"id":225466,"n":"Déodorant Bille Femme Narta Anti-Traces Sans alcool - 50ml","p":2.38,"u":"47,60 €/L","img":"https://fd8-photos.leclercdrive.fr/image.ashx?id=2681874&use=l&cat=p&typeid=i","cat":284595},{"id":225468,"n":"Déodorant Bille Homme 48h Narta Anti-Traces Blanches - 50ml","p":2.38,"u":"47,60 €/L","img":"https://fd8-photos.leclercdrive.fr/image.ashx?id=2681886&use=l&cat=p&typeid=i","cat":284618},{"id":225614,"n":"Désinfectant Sanytol Eucalyptus - Multi-usage 500ml","p":2.17,"u":"4,34 €/L","img":"https://fd8-photos.leclercdrive.fr/image.ashx?id=2894800&use=l&cat=p&typeid=i","cat":325357},{"id":225617,"n":"Désinfectant Sanytol Pamplemousse Multi-usage 500ml","p":2.76,"u":"5,52 €/L","img":"https://fd8-photos.leclercdrive.fr/image.ashx?id=2682144&use=l&cat=p&typeid=i","cat":325357},{"id":225619,"n":"Désinfectant nettoyant Sanytol Multi-surfaces - Eucalyptus 1L","p":2.05,"u":"2,05 €/L","img":"https://fd8-photos.leclercdrive.fr/image.ashx?id=2866319&use=l&cat=p&typeid=i","cat":284907},{"id":225623,"n":"Lingettes optiques - Nettoyant  lunettes x30","p":1.29,"u":"0,04 €/P","img":"https://fd8-photos.leclercdrive.fr/image.ashx?id=2681539&use=l&cat=p&typeid=i","cat":288862},{"id":225643,"n":"Sirop Monin Vanille expérience - 33cl","p":3.19,"u":"9,67 €/L","img":"https://fd8-photos.leclercdrive.fr/image.ashx?id=2682941&use=l&cat=p&typeid=i","cat":295020},{"id":225647,"n":"Maïs Géant Vert extra tendre sans résidu pesticides - 3x140g","p":1.93,"u":"4,60 €/KG","img":"https://fd8-photos.leclercdrive.fr/image.ashx?id=2977366&use=l&cat=p&typeid=i","cat":312611},{"id":225653,"n":"Mini pots Häagen-Dazs  Delight collection x4 - 324g","p":5.79,"u":"17,87 €/KG","img":"https://fd8-photos.leclercdrive.fr/image.ashx?id=2893489&use=l&cat=p&typeid=i","cat":284725},{"id":225654,"n":"Skyr Bio Les 300 Laitiers Bio Nature - 4x100g","p":2.37,"u":"5,93 €/KG","img":"https://fd8-photos.leclercdrive.fr/image.ashx?id=2683136&use=l&cat=p&typeid=i","cat":315000},{"id":225655,"n":"Huile d'olive Terra Delyssa Vierge extra - 75cl","p":8.79,"u":"11,72 €/L","img":"https://fd8-photos.leclercdrive.fr/image.ashx?id=2686153&use=l&cat=p&typeid=i","cat":284453},{"id":225657,"n":"Mon Huile d'Olive Tramier  Subtile 1l","p":13.07,"u":"13,07 €/L","img":"https://fd8-photos.leclercdrive.fr/image.ashx?id=2834047&use=l&cat=p&typeid=i","cat":284453},{"id":225661,"n":"Biscuit soufflés Curly Le Crunch Emmental - 80g","p":0.89,"u":"11,13 €/KG","img":"https://fd8-photos.leclercdrive.fr/image.ashx?id=3008446&use=l&cat=p&typeid=i","cat":284449},{"id":225662,"n":"Purée lisse petits pois Yooji Bio - 4 mois - 400g","p":3.99,"u":"9,98 €/KG","img":"https://fd8-photos.leclercdrive.fr/image.ashx?id=2683187&use=l&cat=p&typeid=i","cat":319805},{"id":225700,"n":"Bière blonde Leffe Prestige 124 8,5% - 6x25cl","p":7.49,"u":"4,99 €/L","img":"https://fd8-photos.leclercdrive.fr/image.ashx?id=2695007&use=l&cat=p&typeid=i","cat":334852},{"id":225703,"n":"Aérosol répulsif Raid Moustiques - 300ml","p":2.37,"u":"7,90 €/L","img":"https://fd8-photos.leclercdrive.fr/image.ashx?id=2736385&use=l&cat=p&typeid=i","cat":298368},{"id":225706,"n":"Aérosol répulsif Raid Fourmis et cafards - 300ml","p":3.23,"u":"10,77 €/L","img":"https://fd8-photos.leclercdrive.fr/image.ashx?id=2736382&use=l&cat=p&typeid=i","cat":298368},{"id":225707,"n":"Piège Raid Mites alimentaires - x2","p":2.63,"u":"1,32 €/P","img":"https://fd8-photos.leclercdrive.fr/image.ashx?id=2683257&use=l&cat=p&typeid=i","cat":298368},{"id":225709,"n":"Piège lumineux Raid Essentials Diffuseur - Insectes - x1","p":12.81,"img":"https://fd8-photos.leclercdrive.fr/image.ashx?id=2911549&use=l&cat=p&typeid=i","cat":298368},{"id":225710,"n":"Piège lumineux Raid Essentials Recharge - Insectes volants x2","p":7.34,"u":"3,67 €/P","img":"https://fd8-photos.leclercdrive.fr/image.ashx?id=2798218&use=l&cat=p&typeid=i","cat":298368},{"id":225711,"n":"Infusion Yogi Relaxation Bio - x15 - 27g","p":2.06,"u":"76,30 €/KG","img":"https://fd8-photos.leclercdrive.fr/image.ashx?id=2683193&use=l&cat=p&typeid=i","cat":293234},{"id":225712,"n":"Infusion Yogi Bio Défenses immunitaires x15 - 30g","p":2.06,"u":"68,67 €/KG","img":"https://fd8-photos.leclercdrive.fr/image.ashx?id=2683196&use=l&cat=p&typeid=i","cat":293234},{"id":225714,"n":"Infusion Yogi Bio Elixir pour la gorge x15 - 27g","p":2.55,"u":"94,44 €/KG","img":"https://fd8-photos.leclercdrive.fr/image.ashx?id=2683199&use=l&cat=p&typeid=i","cat":293234},{"id":225717,"n":"Infusion Yogi Bio Curcuma gingembre - x15 - 30g","p":2.75,"u":"91,67 €/KG","img":"https://fd8-photos.leclercdrive.fr/image.ashx?id=2683202&use=l&cat=p&typeid=i","cat":293234},{"id":225719,"n":"Infusion Yogi Bio Rooibos - x15 - 30g","p":2.68,"u":"89,33 €/KG","img":"https://fd8-photos.leclercdrive.fr/image.ashx?id=2683208&use=l&cat=p&typeid=i","cat":293234},{"id":225732,"n":"Bonbons Haribo méga fête Assortiment mini sachets - 880g","p":9.32,"u":"10,59 €/KG","img":"https://fd8-photos.leclercdrive.fr/image.ashx?id=2984961&use=l&cat=p&typeid=i","cat":304250},{"id":225743,"n":"Coloration Permanente Garnier Color Sensation 1.0 Noir","p":3.76,"img":"https://fd8-photos.leclercdrive.fr/image.ashx?id=2684254&use=l&cat=p&typeid=i","cat":288899},{"id":225744,"n":"Coloration Permanente Garnier 2.10 Noir Bleuté","p":4.59,"img":"https://fd8-photos.leclercdrive.fr/image.ashx?id=2684242&use=l&cat=p&typeid=i","cat":288899},{"id":225747,"n":"Coloration Permanente Garnier 5.35 Châtain Clair Cannelle","p":3.76,"img":"https://fd8-photos.leclercdrive.fr/image.ashx?id=2684251&use=l&cat=p&typeid=i","cat":288899},{"id":225749,"n":"Masque Lissant Ultra Doux Eau de Riz - 340ml","p":5.09,"u":"14,97 €/L","img":"https://fd8-photos.leclercdrive.fr/image.ashx?id=2684233&use=l&cat=p&typeid=i","cat":284608},{"id":225750,"n":"Bâtonnets Ficello Goût Pizza - 4x21g","p":2.11,"u":"25,12 €/KG","img":"https://fd8-photos.leclercdrive.fr/image.ashx?id=2967941&use=l&cat=p&typeid=i","cat":314030},{"id":225751,"n":"Shampoing Lissant Ultra Doux Cheveux longs - 250ml","p":2.44,"u":"9,76 €/L","img":"https://fd8-photos.leclercdrive.fr/image.ashx?id=2684236&use=l&cat=p&typeid=i","cat":284606},{"id":225752,"n":"Après-shampooing Garnier Ultra Doux - Eau de riz - 200ml","p":2.39,"u":"11,95 €/L","img":"https://fd8-photos.leclercdrive.fr/image.ashx?id=2684239&use=l&cat=p&typeid=i","cat":284607},{"id":225755,"n":"Crème dépilatoire Veet Men Peaux sensibles - 400ml","p":11.26,"u":"28,15 €/L","img":"https://fd8-photos.leclercdrive.fr/image.ashx?id=2785448&use=l&cat=p&typeid=i","cat":284617},{"id":225767,"n":"Après-shampooing OGX Huile argan Maroc - 385ml","p":6.6,"u":"17,14 €/L","img":"https://fd8-photos.leclercdrive.fr/image.ashx?id=2805084&use=l&cat=p&typeid=i","cat":284607},{"id":225769,"n":"Change culottes Mots d'enfants T7 - 17kg - x15","p":5.15,"u":"0,34 €/P","img":"https://fd8-photos.leclercdrive.fr/image.ashx?id=2907249&use=l&cat=p&typeid=i","cat":290633},{"id":225770,"n":"Filtres à café Plantation N°2 - x80","p":1.33,"u":"0,02 €/P","img":"https://fd8-photos.leclercdrive.fr/image.ashx?id=2756940&use=l&cat=p&typeid=i","cat":284751},{"id":225779,"n":"Dentifrice Sensitive Elmex Répare et prévient - 75ml","p":6.15,"u":"82,00 €/L","img":"https://fd8-photos.leclercdrive.fr/image.ashx?id=2684332&use=l&cat=p&typeid=i","cat":284612},{"id":225780,"n":"Dentifrice Sanogyl Biome Protège gencive - 75ml","p":4.77,"u":"63,60 €/L","img":"https://fd8-photos.leclercdrive.fr/image.ashx?id=2684152&use=l&cat=p&typeid=i","cat":284612},{"id":225784,"n":"Bandes de cire Veet Pure Froide - Aisselles - x16","p":3.97,"u":"0,25 €/P","img":"https://fd8-photos.leclercdrive.fr/image.ashx?id=2970795&use=l&cat=p&typeid=i","cat":325351},{"id":225785,"n":"Bandes de cire Veet Pure Jambes - x20","p":5.15,"u":"0,26 €/P","img":"https://fd8-photos.leclercdrive.fr/image.ashx?id=2964956&use=l&cat=p&typeid=i","cat":325351},{"id":225786,"n":"Lingettes Intima Regul'Active - x20","p":2.59,"u":"0,13 €/P","img":"https://fd8-photos.leclercdrive.fr/image.ashx?id=2689787&use=l&cat=p&typeid=i","cat":284627},{"id":225789,"n":"Bandes de cire Veet Maillot - x16","p":5.61,"u":"0,35 €/P","img":"https://fd8-photos.leclercdrive.fr/image.ashx?id=2865662&use=l&cat=p&typeid=i","cat":325351},{"id":225790,"n":"Gel Intima Régulateur - 500ml","p":10.04,"u":"20,08 €/L","img":"https://fd8-photos.leclercdrive.fr/image.ashx?id=2889274&use=l&cat=p&typeid=i","cat":284627},{"id":225793,"n":"Liquide vaisselle Paic Acti Froid - Menthe - 500ml","p":2.89,"u":"5,78 €/L","img":"https://fd8-photos.leclercdrive.fr/image.ashx?id=2684335&use=l&cat=p&typeid=i","cat":284655},{"id":225819,"n":"Canderel liquide 200 ml","p":1.94,"u":"9,70 €/L","img":"https://fd8-photos.leclercdrive.fr/image.ashx?id=2812828&use=l&cat=p&typeid=i","cat":324846},{"id":225891,"n":"Bière blonde 1664 5,5° - 18x25cl","p":11.4,"pp":8.55,"u":"1,90 €/L","img":"https://fd8-photos.leclercdrive.fr/image.ashx?id=2684931&use=l&cat=p&typeid=i","cat":334873},{"id":225931,"n":"Tuiles Monster Munch  Crazy barbecue - 150g","p":1.9,"u":"12,67 €/KG","img":"https://fd8-photos.leclercdrive.fr/image.ashx?id=2923993&use=l&cat=p&typeid=i","cat":287899},{"id":225933,"n":"Jus d'orange avec pulpe Montebelo - 1L","p":2.79,"u":"2,79 €/L","img":"https://fd8-photos.leclercdrive.fr/image.ashx?id=2743502&use=l&cat=p&typeid=i","cat":284354},{"id":225936,"n":"Jus d'orange sans pulpe Montebelo - 1L","p":2.79,"u":"2,79 €/L","img":"https://fd8-photos.leclercdrive.fr/image.ashx?id=2743505&use=l&cat=p&typeid=i","cat":284354},{"id":225937,"n":"Citronnade duo de citrons Montebelo - 1L","p":2.19,"u":"2,19 €/L","img":"https://fd8-photos.leclercdrive.fr/image.ashx?id=2743523&use=l&cat=p&typeid=i","cat":284354},{"id":225939,"n":"Jus d'orange maracuja Montebelo - 1L","p":3.49,"u":"3,49 €/L","img":"https://fd8-photos.leclercdrive.fr/image.ashx?id=2896381&use=l&cat=p&typeid=i","cat":284354},{"id":225941,"n":"Jus de mangue ananas Montebelo  Citron vert 1L","p":2.57,"u":"2,57 €/L","img":"https://fd8-photos.leclercdrive.fr/image.ashx?id=2903668&use=l&cat=p&typeid=i","cat":284354},{"id":225947,"n":"Bière blonde 1664 5,5° 24x25cl","p":15.89,"u":"2,65 €/L","img":"https://fd8-photos.leclercdrive.fr/image.ashx?id=2686597&use=l&cat=p&typeid=i","cat":334873},{"id":225951,"n":"Riz tandoori Jardin Bio bio 220g","p":2.82,"u":"12,82 €/KG","img":"https://fd8-photos.leclercdrive.fr/image.ashx?id=2686048&use=l&cat=p&typeid=i","cat":284953},{"id":225952,"n":"Purée Jardin Bio Bio lentilles corail - 250g","p":1.75,"u":"7,00 €/KG","img":"https://fd8-photos.leclercdrive.fr/image.ashx?id=2976824&use=l&cat=p&typeid=i","cat":284953},{"id":225953,"n":"Sauce korma Jardin Bio Bio - 330g","p":3.5,"u":"10,61 €/KG","img":"https://fd8-photos.leclercdrive.fr/image.ashx?id=2686054&use=l&cat=p&typeid=i","cat":289012},{"id":225954,"n":"Sauce Jardin Bio Tikka Masala bio - 330g","p":3.79,"u":"11,48 €/KG","img":"https://fd8-photos.leclercdrive.fr/image.ashx?id=2686057&use=l&cat=p&typeid=i","cat":287599},{"id":225955,"n":"Petale barbecue Jardin Bio Bio 85g","p":1.74,"u":"20,47 €/KG","img":"https://fd8-photos.leclercdrive.fr/image.ashx?id=2686039&use=l&cat=p&typeid=i","cat":284449},{"id":225963,"n":"Petit beurre fourrés Jardin Bio Bio - 197g","p":2.96,"u":"15,03 €/KG","img":"https://fd8-photos.leclercdrive.fr/image.ashx?id=2859452&use=l&cat=p&typeid=i","cat":284487},{"id":225969,"n":"Cookie Jardin Bio Bio Pepites de chocolat - 175g","p":4.05,"u":"23,14 €/KG","img":"https://fd8-photos.leclercdrive.fr/image.ashx?id=2963208&use=l&cat=p&typeid=i","cat":325066},{"id":225971,"n":"Mouliné Jardin Bio Legumes verts bio - 1L","p":2.69,"u":"2,69 €/L","img":"https://fd8-photos.leclercdrive.fr/image.ashx?id=2692539&use=l&cat=p&typeid=i","cat":284462},{"id":225975,"n":"Gaspacho Jardin Bio  Bio - 1L","p":3.88,"u":"3,88 €/L","img":"https://fd8-photos.leclercdrive.fr/image.ashx?id=2686036&use=l&cat=p&typeid=i","cat":287365},{"id":226059,"n":"Spaghetti à la bolognaise Marie - 300g","p":3.69,"u":"12,30 €/KG","img":"https://fd8-photos.leclercdrive.fr/image.ashx?id=2686828&use=l&cat=p&typeid=i","cat":333665},{"id":226111,"n":"Muesli  Grainea Chocolat noir - 500g","p":2.27,"u":"4,54 €/KG","img":"https://fd8-photos.leclercdrive.fr/image.ashx?id=2713667&use=l&cat=p&typeid=i","cat":309512},{"id":226122,"n":"Biscuits Delacre Cigarettes Russes - 230g","p":1.99,"u":"8,65 €/KG","img":"https://fd8-photos.leclercdrive.fr/image.ashx?id=2688833&use=l&cat=p&typeid=i","cat":284490},{"id":226134,"n":"Gel wc canard Fresh disc 1p","p":3.71,"img":"https://fd8-photos.leclercdrive.fr/image.ashx?id=2690093&use=l&cat=p&typeid=i","cat":284662},{"id":226137,"n":"Sun caps  x39 - 585g","p":11.76,"u":"20,10 €/KG","img":"https://fd8-photos.leclercdrive.fr/image.ashx?id=2877262&use=l&cat=p&typeid=i","cat":284656},{"id":226141,"n":"Purée lisse Bio Yooji Patate douce - Dès 4 mois 400g","p":4.12,"u":"10,30 €/KG","img":"https://fd8-photos.leclercdrive.fr/image.ashx?id=2689246&use=l&cat=p&typeid=i","cat":290631},{"id":226194,"n":"Tomates cerises gustatives Panier du Primeur - 300g","p":3.99,"u":"13,30 €/KG","img":"https://fd8-photos.leclercdrive.fr/image.ashx?id=2686350&use=l&cat=p&typeid=i","cat":284352},{"id":226296,"n":"Biscuit Flammekueche Savour 100g","p":1.85,"u":"18,50 €/L","img":"https://fd8-photos.leclercdrive.fr/image.ashx?id=2781889&use=l&cat=p&typeid=i","cat":297000},{"id":226297,"n":"Biscuits Savour Olive herbes de provence - 100g","p":1.85,"u":"18,50 €/KG","img":"https://fd8-photos.leclercdrive.fr/image.ashx?id=2781886&use=l&cat=p&typeid=i","cat":297000},{"id":226302,"n":"Pâtes fraîches RANA Ravioli  Cèpes Champignons Ricotta -250g","p":3.75,"u":"15,00 €/KG","img":"https://fd8-photos.leclercdrive.fr/image.ashx?id=2737381&use=l&cat=p&typeid=i","cat":333682},{"id":226304,"n":"Pâtes fraîches RANA Ravioli  Saumon fumé et Mascarpone -250g","p":3.75,"u":"15,00 €/KG","img":"https://fd8-photos.leclercdrive.fr/image.ashx?id=2737387&use=l&cat=p&typeid=i","cat":333682},{"id":226307,"n":"Biscuits Savour Chorizo - 100g","p":1.85,"u":"18,50 €/KG","img":"https://fd8-photos.leclercdrive.fr/image.ashx?id=2781883&use=l&cat=p&typeid=i","cat":297000},{"id":226314,"n":"Sucre en morceaux Daddy 1kg","p":2.09,"u":"2,09 €/KG","img":"https://fd8-photos.leclercdrive.fr/image.ashx?id=2908573&use=l&cat=p&typeid=i","cat":284502},{"id":226315,"n":"Croquettes Vitafit Friskies Boeuf - 12kg","p":24.95,"u":"2,08 €/KG","img":"https://fd8-photos.leclercdrive.fr/image.ashx?id=2986996&use=l&cat=p&typeid=i","cat":284672},{"id":226317,"n":"Croquettes Vitafit Friskies Light Poulet légumes 7 kg","p":15.4,"u":"2,20 €/KG","img":"https://fd8-photos.leclercdrive.fr/image.ashx?id=2986993&use=l&cat=p&typeid=i","cat":284672},{"id":226330,"n":"Croziflette Alpina Savoie 400g","p":3.1,"u":"7,75 €/KG","img":"https://fd8-photos.leclercdrive.fr/image.ashx?id=2692374&use=l&cat=p&typeid=i","cat":284427},{"id":226343,"n":"Barre de céréales Nature Valley  Crunchy caramel x8 - 160g","p":2.21,"u":"13,81 €/KG","img":"https://fd8-photos.leclercdrive.fr/image.ashx?id=2692797&use=l&cat=p&typeid=i","cat":300032},{"id":226346,"n":"Boisson Gazeuse Maison Perrier Forever Gingembre Citron 1L","p":0.77,"u":"0,77 €/L","img":"https://fd8-photos.leclercdrive.fr/image.ashx?id=2692818&use=l&cat=p&typeid=i","cat":284536},{"id":226348,"n":"Céréales P'tit Déli Caramel & Chocolat - 400g","p":2.12,"u":"5,30 €/KG","img":"https://fd8-photos.leclercdrive.fr/image.ashx?id=2691528&use=l&cat=p&typeid=i","cat":309513},{"id":226349,"n":"Boisson Gazeuse Maison Perrier Chic Citrus Fizz 4x25cl","p":3.12,"u":"3,12 €/L","img":"https://fd8-photos.leclercdrive.fr/image.ashx?id=2841595&use=l&cat=p&typeid=i","cat":284536},{"id":226350,"n":"Boisson Gazeuse Maison Perrier Chic Lemonjito 4x25cl","p":2.3,"u":"2,30 €/L","img":"https://fd8-photos.leclercdrive.fr/image.ashx?id=2692809&use=l&cat=p&typeid=i","cat":284536},{"id":226352,"n":"Boisson énergisante Maison Perrier mûre - 4x25cl","p":3.53,"u":"3,53 €/L","img":"https://fd8-photos.leclercdrive.fr/image.ashx?id=2692815&use=l&cat=p&typeid=i","cat":284533},{"id":226401,"n":"Haricots verts Bonduelle Cuit vapeur - 440g","p":1.96,"u":"4,45 €/KG","img":"https://fd8-photos.leclercdrive.fr/image.ashx?id=2926290&use=l&cat=p&typeid=i","cat":312606},{"id":226412,"n":"Barre de céréales Nature Valley  Protéine cranberries x4 -160g","p":3.16,"u":"19,75 €/KG","img":"https://fd8-photos.leclercdrive.fr/image.ashx?id=2693869&use=l&cat=p&typeid=i","cat":285869},{"id":226414,"n":"Roulé Balconi 6x32g","p":1.25,"u":"6,51 €/KG","img":"https://fd8-photos.leclercdrive.fr/image.ashx?id=2922212&use=l&cat=p&typeid=i","cat":284495},{"id":226432,"n":"Brioche La Fournée Dorée Tranchée marbré  chocolat 400g","p":3.85,"u":"9,63 €/KG","img":"https://fd8-photos.leclercdrive.fr/image.ashx?id=2693728&use=l&cat=p&typeid=i","cat":284478},{"id":226437,"n":"Jus multivitamines Tropicana 4x1.5L","p":12.9,"u":"2,15 €/L","img":"https://fd8-photos.leclercdrive.fr/image.ashx?id=2921429&use=l&cat=p&typeid=i","cat":284917},{"id":226438,"n":"Soda Coca-Cola Original Canette - Pack 6x20CL","p":3.52,"u":"2,93 €/L","img":"https://fd8-photos.leclercdrive.fr/image.ashx?id=2766571&use=l&cat=p&typeid=i","cat":284530},{"id":226455,"n":"Chewing-gum Mentos Pure Fresh  Fresh Chloro sans sucres - 100g","p":3.67,"u":"36,70 €/KG","img":"https://fd8-photos.leclercdrive.fr/image.ashx?id=2693434&use=l&cat=p&typeid=i","cat":304251},{"id":226460,"n":"Madeleines Ker Cadelac Extra moelleuses - 800g","p":6.2,"u":"7,75 €/KG","img":"https://fd8-photos.leclercdrive.fr/image.ashx?id=2693575&use=l&cat=p&typeid=i","cat":284492},{"id":226463,"n":"Whisky bourbon Jura Bourbon Cask 40% - 70cl","p":24.74,"u":"35,34 €/L","img":"https://fd8-photos.leclercdrive.fr/image.ashx?id=2693806&use=l&cat=p&typeid=i","cat":284547},{"id":226484,"n":"Cookies Crunchy Kinder Pépites au cacao et lait - 136g","p":2.99,"u":"21,99 €/KG","img":"https://fd8-photos.leclercdrive.fr/image.ashx?id=2691995&use=l&cat=p&typeid=i","cat":325066},{"id":226510,"n":"Biscuits BN Chocolats -570g","p":2.75,"img":"https://fd8-photos.leclercdrive.fr/image.ashx?id=2693509&use=l&cat=p&typeid=i","cat":284488},{"id":226511,"n":"Liquide Vaisselle Paic Fraîcheur agrumes - 750ml","p":2.49,"u":"3,32 €/L","img":"https://fd8-photos.leclercdrive.fr/image.ashx?id=2693965&use=l&cat=p&typeid=i","cat":284655},{"id":226514,"n":"Filet de cabillaud Fish & Chips L'Atelier Poissonnerie - 200g","p":3.89,"u":"19,45 €/KG","img":"https://fd8-photos.leclercdrive.fr/image.ashx?id=2714456&use=l&cat=p&typeid=i","cat":284344},{"id":226534,"n":"Huile de tournesol Tramier  1L","p":5.59,"u":"5,59 €/L","img":"https://fd8-photos.leclercdrive.fr/image.ashx?id=2695097&use=l&cat=p&typeid=i","cat":284453},{"id":226538,"n":"Huile d'olive Terra Delyssa Vierge extra - 75cl","p":8.2,"u":"10,93 €/L","img":"https://fd8-photos.leclercdrive.fr/image.ashx?id=2849256&use=l&cat=p&typeid=i","cat":284453},{"id":226583,"n":"Boisson gazeuse Maison Perrier Magnetic Juice Fraise 4x25cl","p":3.04,"u":"3,04 €/L","img":"https://fd8-photos.leclercdrive.fr/image.ashx?id=2887314&use=l&cat=p&typeid=i","cat":284536},{"id":226591,"n":"Glace cone Extreme  Lemon cheesecake  x6 - 426g","p":3.22,"u":"7,56 €/KG","img":"https://fd8-photos.leclercdrive.fr/image.ashx?id=2732950&use=l&cat=p&typeid=i","cat":284264},{"id":226611,"n":"Mini surimi Moelleux Cocktail Fleury Michon - 230g","p":2.95,"u":"12,83 €/KG","img":"https://fd8-photos.leclercdrive.fr/image.ashx?id=2936917&use=l&cat=p&typeid=i","cat":285189},{"id":226646,"n":"Boisson Gazeuse Maison Perrier Forever Citron Vert 1L","p":0.77,"u":"0,77 €/L","img":"https://fd8-photos.leclercdrive.fr/image.ashx?id=2695103&use=l&cat=p&typeid=i","cat":284536},{"id":226657,"n":"Boisson Gazeuse Maison Perrier Forever Citron 1L","p":0.77,"u":"0,77 €/L","img":"https://fd8-photos.leclercdrive.fr/image.ashx?id=2887311&use=l&cat=p&typeid=i","cat":284536},{"id":226659,"n":"Boisson Gazeuse Maison Perrier Forever Orange 1L","p":1.03,"u":"1,03 €/L","img":"https://fd8-photos.leclercdrive.fr/image.ashx?id=2695106&use=l&cat=p&typeid=i","cat":284536},{"id":226661,"n":"Boisson Gazeuse Maison Perrier Forever Menthe 1L","p":0.77,"u":"0,77 €/L","img":"https://fd8-photos.leclercdrive.fr/image.ashx?id=2695112&use=l&cat=p&typeid=i","cat":284536},{"id":226663,"n":"Boisson Gazeuse Maison Perrier Forever Citron 6x50cl","p":4.44,"u":"1,48 €/L","img":"https://fd8-photos.leclercdrive.fr/image.ashx?id=2695100&use=l&cat=p&typeid=i","cat":284536},{"id":226664,"n":"Boisson Gazeuse Maison Perrier Forever Citron Vert 6x50cl","p":4.5,"u":"1,50 €/L","img":"https://fd8-photos.leclercdrive.fr/image.ashx?id=2695109&use=l&cat=p&typeid=i","cat":284536},{"id":226667,"n":"Boisson Gazeuse Maison Perrier Forever Citron 6x33cl","p":3.37,"u":"1,70 €/L","img":"https://fd8-photos.leclercdrive.fr/image.ashx?id=2878447&use=l&cat=p&typeid=i","cat":284536},{"id":226668,"n":"Boisson Gazeuse Maison Perrier Forever Citron Vert 6x33cl","p":3.41,"u":"1,72 €/L","img":"https://fd8-photos.leclercdrive.fr/image.ashx?id=2887308&use=l&cat=p&typeid=i","cat":284536},{"id":226776,"n":"Thé noir fruits rouges Lipton 20 sachets - 30g","p":1.74,"u":"58,00 €/KG","img":"https://fd8-photos.leclercdrive.fr/image.ashx?id=2695359&use=l&cat=p&typeid=i","cat":293233},{"id":226777,"n":"Thé noir vanille et caramel 20 sachets - 34g","p":2.79,"u":"82,06 €/KG","img":"https://fd8-photos.leclercdrive.fr/image.ashx?id=2736703&use=l&cat=p&typeid=i","cat":293233},{"id":226778,"n":"Thé noir orange Lipton 20 sachets - 34g","p":2.01,"u":"59,12 €/KG","img":"https://fd8-photos.leclercdrive.fr/image.ashx?id=2695371&use=l&cat=p&typeid=i","cat":293233},{"id":226779,"n":"Thé noir citron Lipton 20 sachets - 34g","p":2.79,"u":"82,06 €/KG","img":"https://fd8-photos.leclercdrive.fr/image.ashx?id=2695365&use=l&cat=p&typeid=i","cat":293233},{"id":226780,"n":"Thé noir earl grey et bergamote 20 sachets - 32g","p":2.79,"u":"8,72 €/L","img":"https://fd8-photos.leclercdrive.fr/image.ashx?id=2736706&use=l&cat=p&typeid=i","cat":293233},{"id":226781,"n":"Thé noir pêche mangue Lipton 20 sachets - 34g","p":2.79,"u":"82,06 €/KG","img":"https://fd8-photos.leclercdrive.fr/image.ashx?id=2695362&use=l&cat=p&typeid=i","cat":293233},{"id":226794,"n":"Glace cône Extreme  Choco caramel toffee  x6 - 426g","p":3.22,"u":"7,56 €/KG","img":"https://fd8-photos.leclercdrive.fr/image.ashx?id=2741078&use=l&cat=p&typeid=i","cat":284264},{"id":226795,"n":"Glace mini cone Extreme Café x8 - 312g","p":4.59,"u":"14,71 €/KG","img":"https://fd8-photos.leclercdrive.fr/image.ashx?id=2694668&use=l&cat=p&typeid=i","cat":284264},{"id":226796,"n":"Parfum de linge billes Lenor  Fleur de soie pivoine x19 doses","p":8.02,"u":"34,13 €/KG","img":"https://fd8-photos.leclercdrive.fr/image.ashx?id=2863015&use=l&cat=p&typeid=i","cat":325302},{"id":226798,"n":"Glace cone Extreme Framboise x6 - 417g","p":3.22,"u":"7,72 €/KG","img":"https://fd8-photos.leclercdrive.fr/image.ashx?id=2694671&use=l&cat=p&typeid=i","cat":284264},{"id":226800,"n":"Parfum de linge billes Lenor Envolée d'air x41","p":9.97,"u":"20,14 €/KG","img":"https://fd8-photos.leclercdrive.fr/image.ashx?id=2857893&use=l&cat=p&typeid=i","cat":325302},{"id":226801,"n":"Parfum de linge billes Lenor  Jasmin Rose de mai x19 doses","p":7.6,"u":"32,34 €/KG","img":"https://fd8-photos.leclercdrive.fr/image.ashx?id=2841598&use=l&cat=p&typeid=i","cat":325302},{"id":226803,"n":"Adoucissant Lenor Fresh Soleil tropical x36 - 0.5L","p":6.15,"u":"12,20 €/L","img":"https://fd8-photos.leclercdrive.fr/image.ashx?id=2696163&use=l&cat=p&typeid=i","cat":284650},{"id":226805,"n":"Glace cone Extreme  Fraise vanille x4 - 284g","p":2.18,"u":"7,68 €/KG","img":"https://fd8-photos.leclercdrive.fr/image.ashx?id=2694680&use=l&cat=p&typeid=i","cat":284264},{"id":226806,"n":"Liquide de rinçage Sun Brillance - 500ml","p":3.49,"u":"6,98 €/L","img":"https://fd8-photos.leclercdrive.fr/image.ashx?id=2829099&use=l&cat=p&typeid=i","cat":284657},{"id":226807,"n":"Liquide de rinçage Sun Séchage - 500ml","p":4.94,"u":"9,88 €/L","img":"https://fd8-photos.leclercdrive.fr/image.ashx?id=2738716&use=l&cat=p&typeid=i","cat":284657},{"id":226811,"n":"Adoucissant Lenor Fresh air Solstice Boréal x36 - 0.5L","p":5.81,"u":"11,53 €/L","img":"https://fd8-photos.leclercdrive.fr/image.ashx?id=2696169&use=l&cat=p&typeid=i","cat":284650},{"id":226815,"n":"Dentifrice Oral-B kids 0-6ans - 50ml","p":2.15,"u":"43,00 €/L","img":"https://fd8-photos.leclercdrive.fr/image.ashx?id=2737801&use=l&cat=p&typeid=i","cat":288898},{"id":226816,"n":"Crème adhésive Fixodent plus  Maintien imbattable - 60g","p":6.03,"u":"100,50 €/KG","img":"https://fd8-photos.leclercdrive.fr/image.ashx?id=2695136&use=l&cat=p&typeid=i","cat":285158},{"id":226818,"n":"Dentifrice Sensodyne Soin  complet Triple action - 75ml","p":4.52,"u":"60,27 €/L","img":"https://fd8-photos.leclercdrive.fr/image.ashx?id=2997778&use=l&cat=p&typeid=i","cat":284612},{"id":226824,"n":"Dentifrice Sensodyne Soin  Blancheur naturelle 24h - 75ml","p":5.49,"u":"73,20 €/L","img":"https://fd8-photos.leclercdrive.fr/image.ashx?id=2694944&use=l&cat=p&typeid=i","cat":284612},{"id":226825,"n":"Dentifrice Sensodyne Répare & protège Novamin - 75ml","p":4.89,"u":"65,20 €/L","img":"https://fd8-photos.leclercdrive.fr/image.ashx?id=2694947&use=l&cat=p&typeid=i","cat":284612},{"id":226826,"n":"Dentifrice Sensodyne Soin Blancheur triple action - 75ml","p":4.52,"u":"60,27 €/L","img":"https://fd8-photos.leclercdrive.fr/image.ashx?id=3000381&use=l&cat=p&typeid=i","cat":284612},{"id":226829,"n":"Dentifrice Sensodyne Répare & protège extra fresh - 75ml","p":4.99,"u":"66,53 €/L","img":"https://fd8-photos.leclercdrive.fr/image.ashx?id=2694956&use=l&cat=p&typeid=i","cat":284612},{"id":226830,"n":"Dentifrice Sensodyne Répare & protège Blancheur - 75ml","p":4.89,"u":"65,20 €/L","img":"https://fd8-photos.leclercdrive.fr/image.ashx?id=2872955&use=l&cat=p&typeid=i","cat":284612},{"id":226831,"n":"Nettoyant machine Sun Pendant le cycle x4 - 60g","p":5.04,"u":"10,50 €/KG","img":"https://fd8-photos.leclercdrive.fr/image.ashx?id=2738713&use=l&cat=p&typeid=i","cat":284657},{"id":226856,"n":"P'tit onctueux pêche Nestlé sans sucres ajoutés - 4x90g","p":1.7,"u":"4,72 €/KG","img":"https://fd8-photos.leclercdrive.fr/image.ashx?id=2695124&use=l&cat=p&typeid=i","cat":312392},{"id":226876,"n":"P'tit brassé banane Nestlé mangue sans sucre - 4x90g","p":1.7,"u":"4,72 €/KG","img":"https://fd8-photos.leclercdrive.fr/image.ashx?id=2696133&use=l&cat=p&typeid=i","cat":312392},{"id":226878,"n":"Gourdes Nestlé Naturnes Fruitées - 360g","p":5.2,"u":"8,25 €/KG","img":"https://fd8-photos.leclercdrive.fr/image.ashx?id=2696136&use=l&cat=p&typeid=i","cat":312393},{"id":226880,"n":"Brioche tressée Harrys Allégée en sucres - 450G","p":3.39,"u":"7,53 €/KG","img":"https://fd8-photos.leclercdrive.fr/image.ashx?id=2962467&use=l&cat=p&typeid=i","cat":284478},{"id":226899,"n":"Mini bille chocolaté M&Ms 176g","p":2.85,"u":"16,19 €/KG","img":"https://fd8-photos.leclercdrive.fr/image.ashx?id=3009074&use=l&cat=p&typeid=i","cat":304238},{"id":226903,"n":"Boisson énergisante Maison Perrier mûre - 25cl","p":0.58,"u":"2,32 €/L","img":"https://fd8-photos.leclercdrive.fr/image.ashx?id=2696130&use=l&cat=p&typeid=i","cat":284533},{"id":226910,"n":"Dragées chocolatées M&M's 340g","p":4.99,"u":"14,68 €/KG","img":"https://fd8-photos.leclercdrive.fr/image.ashx?id=3003399&use=l&cat=p&typeid=i","cat":304238},{"id":226911,"n":"Bille au chocolat Maltesers 400g","p":5.57,"u":"13,93 €/KG","img":"https://fd8-photos.leclercdrive.fr/image.ashx?id=2976050&use=l&cat=p&typeid=i","cat":304238},{"id":226920,"n":"Bonbons Skittles  152g","p":1.24,"u":"8,16 €/KG","img":"https://fd8-photos.leclercdrive.fr/image.ashx?id=3008984&use=l&cat=p&typeid=i","cat":304250},{"id":226970,"n":"Tablette lave-vaisselle Sun  Expert Plus x40 -700g","p":7.9,"u":"11,29 €/KG","img":"https://fd8-photos.leclercdrive.fr/image.ashx?id=2738734&use=l&cat=p&typeid=i","cat":284656},{"id":226971,"n":"Sun Tablettes Lave-Vaisselle Tout en 1 Expert Plus x40","p":7.9,"u":"11,29 €/KG","img":"https://fd8-photos.leclercdrive.fr/image.ashx?id=2942012&use=l&cat=p&typeid=i","cat":284656},{"id":226973,"n":"Sun Tablettes Lave-Vaisselle Tout en 1 Citron Ecolabel x46","p":7.9,"u":"10,41 €/KG","img":"https://fd8-photos.leclercdrive.fr/image.ashx?id=3000905&use=l&cat=p&typeid=i","cat":284656},{"id":226977,"n":"Soin Visage Repulpant Anti-Âge  Revitalift Filler - 50ml","p":20.39,"u":"407,80 €/L","img":"https://fd8-photos.leclercdrive.fr/image.ashx?id=3003354&use=l&cat=p&typeid=i","cat":325345},{"id":226998,"n":"Capsules de café  Café Royal Espresso forte x54 - 279g","p":15.28,"u":"54,77 €/KG","img":"https://fd8-photos.leclercdrive.fr/image.ashx?id=2696607&use=l&cat=p&typeid=i","cat":284749},{"id":227006,"n":"Crème glacée Häagen-Dazs  Chocolat belge - 400g","p":3.72,"u":"9,30 €/KG","img":"https://fd8-photos.leclercdrive.fr/image.ashx?id=2886891&use=l&cat=p&typeid=i","cat":284725},{"id":227011,"n":"Gyozas Tables du Monde Poulet et légumes - 212g","p":3.49,"u":"16,46 €/KG","img":"https://fd8-photos.leclercdrive.fr/image.ashx?id=2843803&use=l&cat=p&typeid=i","cat":319774},{"id":227042,"n":"Sauce vinaigrette moutarde  La Fabrik a saveurs 50cl","p":2.72,"u":"5,44 €/L","img":"https://fd8-photos.leclercdrive.fr/image.ashx?id=2855040&use=l&cat=p&typeid=i","cat":284456},{"id":227070,"n":"Thé glacé pétillant Lipton Ice Tea pêche - bouteille 1.25L","p":1.7,"u":"1,36 €/L","img":"https://fd8-photos.leclercdrive.fr/image.ashx?id=2887704&use=l&cat=p&typeid=i","cat":295019},{"id":227071,"n":"Thé pétillant Lipton Ice Tea Citron citron vert - 1.25L","p":1.46,"u":"1,17 €/L","img":"https://fd8-photos.leclercdrive.fr/image.ashx?id=2887707&use=l&cat=p&typeid=i","cat":295019},{"id":227079,"n":"Sorbet Fraise La Belle Aude 378 g","p":6.19,"u":"16,38 €/KG","img":"https://fd8-photos.leclercdrive.fr/image.ashx?id=2697186&use=l&cat=p&typeid=i","cat":284263},{"id":227153,"n":"Couches Carryboo de nos Régions Couches locales Taille 2 - x 50","p":15.35,"u":"0,31 €/P","img":"https://fd8-photos.leclercdrive.fr/image.ashx?id=2969245&use=l&cat=p&typeid=i","cat":284737},{"id":227154,"n":"Couches Carryboo de nos Régions Couches locales Taille 3 - x50","p":15.35,"u":"0,31 €/P","img":"https://fd8-photos.leclercdrive.fr/image.ashx?id=2833801&use=l&cat=p&typeid=i","cat":284737},{"id":227162,"n":"Shampooing hydra brush Dessange 2x250ml","p":8.08,"u":"32,32 €/L","img":"https://fd8-photos.leclercdrive.fr/image.ashx?id=2826681&use=l&cat=p&typeid=i","cat":284606},{"id":227165,"n":"Serum Acide Hyaluronique Mixa 30mL","p":7.17,"u":"239,00 €/L","img":"https://fd8-photos.leclercdrive.fr/image.ashx?id=2698711&use=l&cat=p&typeid=i","cat":325345},{"id":227166,"n":"Sérum Anti-tâches Vitamine C Mixa 30 mL","p":7.17,"u":"239,00 €/L","img":"https://fd8-photos.leclercdrive.fr/image.ashx?id=2698714&use=l&cat=p&typeid=i","cat":325345},{"id":227167,"n":"Serum anti-imperfections Niacinamide Mixa 30mL","p":7.17,"u":"239,00 €/L","img":"https://fd8-photos.leclercdrive.fr/image.ashx?id=2698717&use=l&cat=p&typeid=i","cat":325345},{"id":227220,"n":"Eau pétillante aromatisée Diabolo grenadine - Lorina - 1L","p":2.39,"u":"2,39 €/L","img":"https://fd8-photos.leclercdrive.fr/image.ashx?id=2705593&use=l&cat=p&typeid=i","cat":284536},{"id":227307,"n":"Café capsules Dolce Gusto Starbucks White Moka - 123g","p":4.39,"u":"35,69 €/KG","img":"https://fd8-photos.leclercdrive.fr/image.ashx?id=3000459&use=l&cat=p&typeid=i","cat":284749},{"id":227312,"n":"Jus de clémentine et mandarine Andros - 1L","p":3.27,"u":"3,27 €/L","img":"https://fd8-photos.leclercdrive.fr/image.ashx?id=2882875&use=l&cat=p&typeid=i","cat":284354},{"id":227318,"n":"P'tite Céréale Nestlé Vanille - 415g","p":2.8,"u":"6,75 €/KG","img":"https://fd8-photos.leclercdrive.fr/image.ashx?id=2700773&use=l&cat=p&typeid=i","cat":312225},{"id":227320,"n":"Céréales Nesquik 675g","p":4.59,"u":"6,80 €/KG","img":"https://fd8-photos.leclercdrive.fr/image.ashx?id=2971434&use=l&cat=p&typeid=i","cat":309513},{"id":227323,"n":"Céréales Crunch Nestlé 675g","p":3.78,"u":"5,60 €/KG","img":"https://fd8-photos.leclercdrive.fr/image.ashx?id=2949085&use=l&cat=p&typeid=i","cat":309513},{"id":227325,"n":"P'tite céréales Nestlé Saveur biscuit - 415g","p":2.68,"u":"6,46 €/KG","img":"https://fd8-photos.leclercdrive.fr/image.ashx?id=2700776&use=l&cat=p&typeid=i","cat":312225},{"id":227329,"n":"P'tite céréale Nestlé 415g","p":2.68,"u":"6,46 €/KG","img":"https://fd8-photos.leclercdrive.fr/image.ashx?id=2700770&use=l&cat=p&typeid=i","cat":312225},{"id":227331,"n":"P'tite céréales Nestlé Cacao - 415g","p":2.64,"u":"6,36 €/KG","img":"https://fd8-photos.leclercdrive.fr/image.ashx?id=2700767&use=l&cat=p&typeid=i","cat":312225},{"id":227339,"n":"Capsules Nescafé Dolce Gusto  Lungo - x16","p":4.53,"u":"50,33 €/KG","img":"https://fd8-photos.leclercdrive.fr/image.ashx?id=2907716&use=l&cat=p&typeid=i","cat":293239},{"id":227341,"n":"Céréales Lion Nestlé 1.05kg","p":6.19,"u":"6,19 €/KG","img":"https://fd8-photos.leclercdrive.fr/image.ashx?id=2995433&use=l&cat=p&typeid=i","cat":309513},{"id":227352,"n":"Céréales Chocapic  645g","p":4.65,"u":"7,21 €/KG","img":"https://fd8-photos.leclercdrive.fr/image.ashx?id=2977732&use=l&cat=p&typeid=i","cat":309513},{"id":227372,"n":"Céréales Lion 675g","p":4.65,"u":"6,89 €/KG","img":"https://fd8-photos.leclercdrive.fr/image.ashx?id=2997256&use=l&cat=p&typeid=i","cat":309513},{"id":227373,"n":"Gelée de viande Eco+ 12x100g","p":2.99,"u":"2,49 €/KG","img":"https://fd8-photos.leclercdrive.fr/image.ashx?id=2744216&use=l&cat=p&typeid=i","cat":285286},{"id":227374,"n":"Céréales Chocapic 375g","p":2.95,"u":"7,87 €/KG","img":"https://fd8-photos.leclercdrive.fr/image.ashx?id=2977408&use=l&cat=p&typeid=i","cat":309513},{"id":227375,"n":"Capsule Nescafé Farmers Origins  Brazil Int 8 - x10","p":2.64,"u":"60,00 €/KG","img":"https://fd8-photos.leclercdrive.fr/image.ashx?id=2952166&use=l&cat=p&typeid=i","cat":284749},{"id":227376,"n":"Croquette Friskies Vitafit  Boeuf - 3kg","p":7.39,"u":"2,46 €/KG","img":"https://fd8-photos.leclercdrive.fr/image.ashx?id=2986999&use=l&cat=p&typeid=i","cat":284672},{"id":227377,"n":"Croquette Friskies Vitafit Boeuf - 12kg","p":21.85,"img":"https://fd8-photos.leclercdrive.fr/image.ashx?id=2986984&use=l&cat=p&typeid=i","cat":284672},{"id":227378,"n":"Croquettes Friskies junior Poulet & legumes - 1.5kg","p":4.49,"u":"2,99 €/KG","img":"https://fd8-photos.leclercdrive.fr/image.ashx?id=2699612&use=l&cat=p&typeid=i","cat":284680},{"id":227381,"n":"Croquettes Friskies Vitafit Poulet & legumes - 3kg","p":7.39,"u":"2,46 €/KG","img":"https://fd8-photos.leclercdrive.fr/image.ashx?id=2986981&use=l&cat=p&typeid=i","cat":284672},{"id":227391,"n":"Croquettes Friskies Saumon & legumes - 3 kg","p":10.79,"u":"3,60 €/KG","img":"https://fd8-photos.leclercdrive.fr/image.ashx?id=2940615&use=l&cat=p&typeid=i","cat":284680},{"id":227397,"n":"Croquettes Friskies  Dinde & legumes - 1.5kg","p":5.69,"u":"3,79 €/KG","img":"https://fd8-photos.leclercdrive.fr/image.ashx?id=2699621&use=l&cat=p&typeid=i","cat":284680},{"id":227400,"n":"Croquettes chat Friskies Saumon et legumes - 1.5 kg","p":5.69,"u":"3,79 €/KG","img":"https://fd8-photos.leclercdrive.fr/image.ashx?id=2940600&use=l&cat=p&typeid=i","cat":284680},{"id":227404,"n":"Parfum de linge billes Lenor Unstoppable - Aérien - x41 495g","p":11.09,"u":"22,40 €/KG","img":"https://fd8-photos.leclercdrive.fr/image.ashx?id=2889982&use=l&cat=p&typeid=i","cat":325302},{"id":227408,"n":"Riz basmati Taureau Ailé 220g","p":1.51,"u":"6,86 €/KG","img":"https://fd8-photos.leclercdrive.fr/image.ashx?id=2916330&use=l&cat=p&typeid=i","cat":287600},{"id":227409,"n":"Gel douche Le Petit Marseillais Mangue Bio et passion 650ml","p":5.74,"u":"8,83 €/L","img":"https://fd8-photos.leclercdrive.fr/image.ashx?id=2700497&use=l&cat=p&typeid=i","cat":284594},{"id":227410,"n":"Gel douche Le Petit Marseillais Mimosa et Citron bio - 250ml","p":1.47,"u":"5,88 €/L","img":"https://fd8-photos.leclercdrive.fr/image.ashx?id=2700500&use=l&cat=p&typeid=i","cat":284594},{"id":227418,"n":"Gel détartrant WC Net Détartrant total - 750ml","p":2.39,"u":"3,19 €/L","img":"https://fd8-photos.leclercdrive.fr/image.ashx?id=2702118&use=l&cat=p&typeid=i","cat":284662},{"id":227419,"n":"Gel Energy WC Net Javel - Action immédiate 750ml","p":2.89,"u":"3,85 €/L","img":"https://fd8-photos.leclercdrive.fr/image.ashx?id=2791659&use=l&cat=p&typeid=i","cat":284662},{"id":227422,"n":"Etuis mouchoirs Lotus Classic+ - x12","p":2.11,"img":"https://fd8-photos.leclercdrive.fr/image.ashx?id=2700689&use=l&cat=p&typeid=i","cat":284638},{"id":227423,"n":"Etuis mouchoirs Lotus Compact+ - x24","p":4.15,"img":"https://fd8-photos.leclercdrive.fr/image.ashx?id=2700692&use=l&cat=p&typeid=i","cat":284638},{"id":227426,"n":"Boîte mouchoirs Lotus Classic+ - Pur Blanc - 2x80","p":3.95,"u":"0,02 €/P","img":"https://fd8-photos.leclercdrive.fr/image.ashx?id=2700701&use=l&cat=p&typeid=i","cat":284638},{"id":227427,"n":"Boîte mouchoirs Lotus Classic+ - Pur Blanc - x130","p":2.69,"u":"0,02 €/P","img":"https://fd8-photos.leclercdrive.fr/image.ashx?id=2700704&use=l&cat=p&typeid=i","cat":284638},{"id":227445,"n":"Riz basmati Taureau Ailé Nature - 220g","p":1.75,"u":"7,95 €/KG","img":"https://fd8-photos.leclercdrive.fr/image.ashx?id=2916327&use=l&cat=p&typeid=i","cat":287600},{"id":227448,"n":"Céréales Crunch 375g","p":2.83,"u":"7,55 €/KG","img":"https://fd8-photos.leclercdrive.fr/image.ashx?id=2939760&use=l&cat=p&typeid=i","cat":309513},{"id":227506,"n":"Capsule Nescafé Farmers Origins  India Int 9 - x18","p":6.16,"u":"77,97 €/KG","img":"https://fd8-photos.leclercdrive.fr/image.ashx?id=2700791&use=l&cat=p&typeid=i","cat":284749},{"id":227507,"n":"Capsule Nescafé Farmers Origins  India Int 9 - x10","p":2.44,"u":"55,45 €/KG","img":"https://fd8-photos.leclercdrive.fr/image.ashx?id=2952169&use=l&cat=p&typeid=i","cat":284749},{"id":227512,"n":"Chips Savour  Sel de guerande - 120g","p":1.48,"u":"12,33 €/KG","img":"https://fd8-photos.leclercdrive.fr/image.ashx?id=2743828&use=l&cat=p&typeid=i","cat":284447},{"id":227514,"n":"Chips Savour Sweet Chili - 120g","p":1.79,"u":"14,92 €/KG","img":"https://fd8-photos.leclercdrive.fr/image.ashx?id=2743825&use=l&cat=p&typeid=i","cat":284447},{"id":227515,"n":"Chips Savour Vinaigre de cidre - 120g","p":1.71,"u":"14,25 €/KG","img":"https://fd8-photos.leclercdrive.fr/image.ashx?id=2743822&use=l&cat=p&typeid=i","cat":284447},{"id":227516,"n":"Chips Savour Cheddar & Ciboulette - 120g","p":1.75,"u":"14,58 €/KG","img":"https://fd8-photos.leclercdrive.fr/image.ashx?id=2743819&use=l&cat=p&typeid=i","cat":284447},{"id":227520,"n":"Chips Lay's Sel & vinaigre - 130g","p":1.49,"u":"11,46 €/KG","img":"https://fd8-photos.leclercdrive.fr/image.ashx?id=3011161&use=l&cat=p&typeid=i","cat":284447},{"id":227528,"n":"Chips Lay's Poulet - 135g","p":1.29,"u":"9,56 €/KG","img":"https://fd8-photos.leclercdrive.fr/image.ashx?id=2995079&use=l&cat=p&typeid=i","cat":284447},{"id":227532,"n":"Chips Lay's Barbecue - 250g","p":2.0,"u":"8,00 €/KG","img":"https://fd8-photos.leclercdrive.fr/image.ashx?id=2994488&use=l&cat=p&typeid=i","cat":284447},{"id":227534,"n":"Chips Lay's Barbecue - 135g","p":1.2,"u":"8,89 €/KG","img":"https://fd8-photos.leclercdrive.fr/image.ashx?id=2994485&use=l&cat=p&typeid=i","cat":284447},{"id":227542,"n":"Croquettes pour chien Friskies Vitafit 12kg","p":25.69,"u":"2,14 €/KG","img":"https://fd8-photos.leclercdrive.fr/image.ashx?id=2986987&use=l&cat=p&typeid=i","cat":284672},{"id":227561,"n":"Culottes Fuites urinaires  Always discreet Taille M - x10","p":6.59,"u":"0,66 €/P","img":"https://fd8-photos.leclercdrive.fr/image.ashx?id=2927035&use=l&cat=p&typeid=i","cat":284628},{"id":227562,"n":"Culottes Fuites urinaires Always Discreet Taille L- x9","p":10.85,"u":"1,21 €/P","img":"https://fd8-photos.leclercdrive.fr/image.ashx?id=2927038&use=l&cat=p&typeid=i","cat":284628},{"id":227593,"n":"Jambon cru Speck Aoste 8 tranches - 100g","p":3.61,"u":"36,10 €/KG","img":"https://fd8-photos.leclercdrive.fr/image.ashx?id=2701262&use=l&cat=p&typeid=i","cat":316007},{"id":227600,"n":"Croquettes chat Friskies Boeuf, poulet et légumes - 3kg","p":8.43,"u":"2,81 €/KG","img":"https://fd8-photos.leclercdrive.fr/image.ashx?id=2940603&use=l&cat=p&typeid=i","cat":284680},{"id":227608,"n":"Croquettes Friskies Junior  Poulet avec du lait - 3kg","p":6.92,"u":"2,31 €/KG","img":"https://fd8-photos.leclercdrive.fr/image.ashx?id=2986900&use=l&cat=p&typeid=i","cat":284672},{"id":227626,"n":"Barres chocolatées Mars  x7 - 315g","p":2.88,"u":"9,14 €/KG","img":"https://fd8-photos.leclercdrive.fr/image.ashx?id=2701043&use=l&cat=p&typeid=i","cat":284498},{"id":227633,"n":"Barres chocolatées Twix  x10 -210g","p":2.19,"u":"10,43 €/KG","img":"https://fd8-photos.leclercdrive.fr/image.ashx?id=2980091&use=l&cat=p&typeid=i","cat":284498},{"id":227636,"n":"Chewing-gum Freedent Refresher Menthe verte x8 - 18g","p":0.73,"u":"40,56 €/KG","img":"https://fd8-photos.leclercdrive.fr/image.ashx?id=2863782&use=l&cat=p&typeid=i","cat":304251},{"id":227637,"n":"Canard WC Fresh disc Tropical - 1 appli + 6 disques","p":3.02,"img":"https://fd8-photos.leclercdrive.fr/image.ashx?id=2845578&use=l&cat=p&typeid=i","cat":284662},{"id":227639,"n":"Canard WC Fresh disc Tropical - 2 recharges","p":5.99,"img":"https://fd8-photos.leclercdrive.fr/image.ashx?id=2845584&use=l&cat=p&typeid=i","cat":284662},{"id":227657,"n":"Soda Fanta Orange Sans Sucres  Canette - Pack 6x33cl","p":3.43,"u":"1,73 €/L","img":"https://fd8-photos.leclercdrive.fr/image.ashx?id=2701361&use=l&cat=p&typeid=i","cat":284532},{"id":227669,"n":"Boisson Gazeuse Maison Perrier Chic Roséllini 4x25cl","p":2.3,"u":"2,30 €/L","img":"https://fd8-photos.leclercdrive.fr/image.ashx?id=2701403&use=l&cat=p&typeid=i","cat":284536},{"id":227671,"n":"Bière aromatisée Desperados Tropical -  6X33cl","p":8.8,"u":"4,44 €/L","img":"https://fd8-photos.leclercdrive.fr/image.ashx?id=2701142&use=l&cat=p&typeid=i","cat":334878},{"id":227684,"n":"Barres chocolatées Twix x7 - 350g","p":3.11,"u":"8,89 €/KG","img":"https://fd8-photos.leclercdrive.fr/image.ashx?id=2701028&use=l&cat=p&typeid=i","cat":284498},{"id":227685,"n":"Minis barres chocolatées Twix  275g","p":3.74,"u":"13,60 €/KG","img":"https://fd8-photos.leclercdrive.fr/image.ashx?id=2701034&use=l&cat=p&typeid=i","cat":284498},{"id":227690,"n":"Parfum de linge Lenor Ambre orchidée x19D - 235g","p":6.76,"u":"28,77 €/KG","img":"https://fd8-photos.leclercdrive.fr/image.ashx?id=2839457&use=l&cat=p&typeid=i","cat":325302},{"id":227701,"n":"Chocolat Pâtissier Nestlé Dessert Blanc - 170g","p":3.19,"u":"18,76 €/KG","img":"https://fd8-photos.leclercdrive.fr/image.ashx?id=2895062&use=l&cat=p&typeid=i","cat":284957},{"id":227731,"n":"Céréales Nesquik  375g","p":2.79,"u":"7,44 €/KG","img":"https://fd8-photos.leclercdrive.fr/image.ashx?id=2977411&use=l&cat=p&typeid=i","cat":309513},{"id":227733,"n":"Compotes gourdes Pom'potes Les P'tits explorateurs  12x90g","p":5.8,"u":"5,37 €/KG","img":"https://fd8-photos.leclercdrive.fr/image.ashx?id=3010957&use=l&cat=p&typeid=i","cat":284508},{"id":227734,"n":"Compotes gourdes Pom'potes Multivariétés - 12x90g","p":4.94,"u":"4,57 €/KG","img":"https://fd8-photos.leclercdrive.fr/image.ashx?id=2890857&use=l&cat=p&typeid=i","cat":284508},{"id":227737,"n":"Capsule Nescafé Farmers Origins  Colombia Int 6 - x10","p":2.32,"u":"52,73 €/KG","img":"https://fd8-photos.leclercdrive.fr/image.ashx?id=2701968&use=l&cat=p&typeid=i","cat":284749},{"id":227738,"n":"Capsule Nescafé Farmers Origins  Africas Int 10 - x10","p":2.43,"u":"55,23 €/KG","img":"https://fd8-photos.leclercdrive.fr/image.ashx?id=2952172&use=l&cat=p&typeid=i","cat":284749},{"id":227739,"n":"Capsule Nescafé Farmers Origins  Colombia Décaféiné Int 6 - x10","p":2.32,"u":"43,77 €/KG","img":"https://fd8-photos.leclercdrive.fr/image.ashx?id=2701977&use=l&cat=p&typeid=i","cat":284749},{"id":227740,"n":"Capsule Nescafé Farmers Origins  Brazil Int 8 - x18","p":6.06,"u":"76,71 €/KG","img":"https://fd8-photos.leclercdrive.fr/image.ashx?id=3001521&use=l&cat=p&typeid=i","cat":284749},{"id":227743,"n":"Capsule Nescafé Farmers Origins  Colombia Int 6 - x18","p":4.77,"u":"60,38 €/KG","img":"https://fd8-photos.leclercdrive.fr/image.ashx?id=2701971&use=l&cat=p&typeid=i","cat":284749},{"id":227744,"n":"Capsule Nescafé Farmers Origins  Andes Int 5 - x10","p":2.32,"u":"52,73 €/KG","img":"https://fd8-photos.leclercdrive.fr/image.ashx?id=2701965&use=l&cat=p&typeid=i","cat":284749},{"id":227766,"n":"Diffuseur électrique Pyrel Eucalyptus - 45 nuits - 32ml","p":9.99,"u":"Dont 0,02 € d'éco-part.","img":"https://fd8-photos.leclercdrive.fr/image.ashx?id=2973967&use=l&cat=p&typeid=i","cat":311629},{"id":227767,"n":"Gel douche Men Expert Barber club - 300ml","p":2.52,"u":"8,40 €/L","img":"https://fd8-photos.leclercdrive.fr/image.ashx?id=3008773&use=l&cat=p&typeid=i","cat":284619},{"id":227780,"n":"Liqueur GET Menthe & Citrons 17,9° - 70cl","p":12.99,"u":"18,56 €/L","img":"https://fd8-photos.leclercdrive.fr/image.ashx?id=2840629&use=l&cat=p&typeid=i","cat":286032},{"id":227790,"n":"Compotes gourdes Pom'potes Fruits & legumes - 12x90g","p":4.76,"u":"4,41 €/KG","img":"https://fd8-photos.leclercdrive.fr/image.ashx?id=2702660&use=l&cat=p&typeid=i","cat":284508},{"id":227818,"n":"Fromage enfant La Vache qui rit Pik&Croq 5 portions - 175g","p":2.39,"u":"13,66 €/KG","img":"https://fd8-photos.leclercdrive.fr/image.ashx?id=2945433&use=l&cat=p&typeid=i","cat":314030},{"id":227819,"n":"Biscotte Pasquier Blé complet x64 - 550g","p":3.05,"u":"5,55 €/KG","img":"https://fd8-photos.leclercdrive.fr/image.ashx?id=2702807&use=l&cat=p&typeid=i","cat":284479},{"id":227823,"n":"Chips Lay's Emmental - 135g","p":1.49,"u":"11,04 €/KG","img":"https://fd8-photos.leclercdrive.fr/image.ashx?id=3011155&use=l&cat=p&typeid=i","cat":284447},{"id":227831,"n":"Spray Nettoyant Menager Cif  Anti-calcaire Universel 750 ml","p":3.09,"u":"4,12 €/L","img":"https://fd8-photos.leclercdrive.fr/image.ashx?id=2890520&use=l&cat=p&typeid=i","cat":325362},{"id":227884,"n":"Bâtonnet Magnum White choco Cookie - x3 - 222g","p":2.13,"u":"9,59 €/KG","img":"https://fd8-photos.leclercdrive.fr/image.ashx?id=2793071&use=l&cat=p&typeid=i","cat":284265},{"id":227894,"n":"Bâtonnet Magnum Caramel salé Amandes x3 - 222g","p":2.37,"u":"10,68 €/KG","img":"https://fd8-photos.leclercdrive.fr/image.ashx?id=2793038&use=l&cat=p&typeid=i","cat":284265},{"id":227895,"n":"Bâtonnet Magnum Intense Dark x3 - 222g","p":2.73,"u":"12,41 €/KG","img":"https://fd8-photos.leclercdrive.fr/image.ashx?id=2769883&use=l&cat=p&typeid=i","cat":284265},{"id":227896,"n":"Glace Carte d'Or Les Essentiels Vanille de Madagascar 700ml","p":2.7,"u":"7,36 €/KG","img":"https://fd8-photos.leclercdrive.fr/image.ashx?id=2831149&use=l&cat=p&typeid=i","cat":284263},{"id":227897,"n":"Glace Bâtonnet MAGNUM Amande 4x100ml","p":2.9,"u":"9,67 €/KG","img":"https://fd8-photos.leclercdrive.fr/image.ashx?id=2849364&use=l&cat=p&typeid=i","cat":284265},{"id":227898,"n":"Bâtonnet Magnum Classic x4 - 300g","p":2.65,"u":"8,83 €/KG","img":"https://fd8-photos.leclercdrive.fr/image.ashx?id=2966794&use=l&cat=p&typeid=i","cat":284265},{"id":227900,"n":"Glace Bâtonnet MAGNUM Chocolat Blanc 4x100ml","p":3.14,"u":"10,68 €/KG","img":"https://fd8-photos.leclercdrive.fr/image.ashx?id=3011944&use=l&cat=p&typeid=i","cat":284265},{"id":227901,"n":"Bâtonnet Magnum Fraise et blanc - x4 - 324g","p":3.43,"u":"10,59 €/KG","img":"https://fd8-photos.leclercdrive.fr/image.ashx?id=3009293&use=l&cat=p&typeid=i","cat":284265},{"id":227902,"n":"Batonnets glace Magnum Chocolat Blanc Amande x4 - 300g","p":3.58,"u":"11,93 €/KG","img":"https://fd8-photos.leclercdrive.fr/image.ashx?id=3009296&use=l&cat=p&typeid=i","cat":284265},{"id":227903,"n":"Glace Bâtonnet MAGNUM Amande 8x100ml","p":5.59,"u":"9,32 €/KG","img":"https://fd8-photos.leclercdrive.fr/image.ashx?id=3009299&use=l&cat=p&typeid=i","cat":284265},{"id":227904,"n":"Glace Bâtonnet MAGNUM Classique 8x100ml","p":5.54,"u":"9,23 €/KG","img":"https://fd8-photos.leclercdrive.fr/image.ashx?id=2974057&use=l&cat=p&typeid=i","cat":284265},{"id":227905,"n":"Bâtonnet Magnum Chocolat blanc x8 - 588g","p":5.93,"u":"10,09 €/KG","img":"https://fd8-photos.leclercdrive.fr/image.ashx?id=2805663&use=l&cat=p&typeid=i","cat":284265},{"id":227906,"n":"Glace Bâtonnet Mini MAGNUM Amande 6x55ml","p":2.8,"u":"10,53 €/KG","img":"https://fd8-photos.leclercdrive.fr/image.ashx?id=2843544&use=l&cat=p&typeid=i","cat":284265},{"id":227907,"n":"Glace Bâtonnet MAGNUM Classique 6x55ml","p":2.77,"u":"11,12 €/KG","img":"https://fd8-photos.leclercdrive.fr/image.ashx?id=2967968&use=l&cat=p&typeid=i","cat":284265},{"id":227908,"n":"Mini bâtonnet Magnum Chocolat blanc Amande x6 - 257g","p":4.45,"u":"17,32 €/KG","img":"https://fd8-photos.leclercdrive.fr/image.ashx?id=2849367&use=l&cat=p&typeid=i","cat":284265},{"id":227909,"n":"Glace Bâtonnet Mini MAGNUM Amande & Chocolat Blanc 6x55ml","p":4.09,"u":"12,39 €/L","img":"https://fd8-photos.leclercdrive.fr/image.ashx?id=2843541&use=l&cat=p&typeid=i","cat":284265},{"id":227957,"n":"Boulettes Tsukune Ajinomoto Poulet - x6","p":4.99,"u":"27,72 €/KG","img":"https://fd8-photos.leclercdrive.fr/image.ashx?id=2703056&use=l&cat=p&typeid=i","cat":319774},{"id":227963,"n":"Tartines croustillantes Wasa Flocons d'avoine - 265g","p":2.47,"u":"9,32 €/KG","img":"https://fd8-photos.leclercdrive.fr/image.ashx?id=2749527&use=l&cat=p&typeid=i","cat":284479},{"id":227964,"n":"Tartines croustillantes Wasa Sensation graines de chia -245g","p":2.99,"u":"12,20 €/KG","img":"https://fd8-photos.leclercdrive.fr/image.ashx?id=2749524&use=l&cat=p&typeid=i","cat":284479},{"id":227967,"n":"Compotes gourges Pom'Potes Pomme pêche carotte 360g","p":2.15,"u":"5,97 €/KG","img":"https://fd8-photos.leclercdrive.fr/image.ashx?id=2703705&use=l&cat=p&typeid=i","cat":284508},{"id":227971,"n":"Bloc WC Net Fraicheur givrée x2","p":3.89,"u":"1,95 €/P","img":"https://fd8-photos.leclercdrive.fr/image.ashx?id=2703747&use=l&cat=p&typeid=i","cat":284662},{"id":227972,"n":"Bloc Enerny WC Net Fleurs de citronnier  x2","p":3.73,"u":"1,87 €/P","img":"https://fd8-photos.leclercdrive.fr/image.ashx?id=2703750&use=l&cat=p&typeid=i","cat":284662},{"id":227984,"n":"Bloc WC Net Energy Eau bleue marine fresh x1","p":4.31,"img":"https://fd8-photos.leclercdrive.fr/image.ashx?id=2703756&use=l&cat=p&typeid=i","cat":284662},{"id":227988,"n":"Bloc WC Energy Brise aquatique - Lot de 2","p":3.8,"u":"1,90 €/P","img":"https://fd8-photos.leclercdrive.fr/image.ashx?id=2703759&use=l&cat=p&typeid=i","cat":284662},{"id":228021,"n":"Brassé végétal Andros Stracciatella - 4x100g","p":3.62,"u":"9,05 €/KG","img":"https://fd8-photos.leclercdrive.fr/image.ashx?id=2872000&use=l&cat=p&typeid=i","cat":316071},{"id":228102,"n":"Thé glacé Lipton Ice Tea Pêche Sans sucres - bouteille 1.75l","p":2.19,"u":"1,25 €/L","img":"https://fd8-photos.leclercdrive.fr/image.ashx?id=2857060&use=l&cat=p&typeid=i","cat":295019},{"id":228103,"n":"Thé glacé Lipton Ice Tea Pêche Zéro sucres - canettes 6x33cl","p":3.96,"u":"2,00 €/L","img":"https://fd8-photos.leclercdrive.fr/image.ashx?id=2959442&use=l&cat=p&typeid=i","cat":295019},{"id":228126,"n":"Noix de cajou grillées 200g","p":3.87,"u":"19,35 €/KG","img":"https://fd8-photos.leclercdrive.fr/image.ashx?id=2713664&use=l&cat=p&typeid=i","cat":284357},{"id":228129,"n":"Assortiment mochis glacés Tables du Monde x6 - 210g","p":4.53,"u":"21,57 €/KG","img":"https://fd8-photos.leclercdrive.fr/image.ashx?id=2703673&use=l&cat=p&typeid=i","cat":284266},{"id":228179,"n":"IGP Méditerranée vin rosé Studio by Miraval - 1.5L","p":19.99,"u":"13,33 €/L","img":"https://fd8-photos.leclercdrive.fr/image.ashx?id=2990538&use=l&cat=p&typeid=i","cat":289558},{"id":228192,"n":"Coca-cola sans sucre Sans caféine  - 6x20cl","p":3.66,"u":"3,05 €/L","img":"https://fd8-photos.leclercdrive.fr/image.ashx?id=3009062&use=l&cat=p&typeid=i","cat":284530},{"id":228193,"n":"Tropico original Orange ananas - 1.75L","p":2.28,"u":"1,30 €/L","img":"https://fd8-photos.leclercdrive.fr/image.ashx?id=2705731&use=l&cat=p&typeid=i","cat":295018},{"id":228196,"n":"Sirop Frucci  Pêche - 1.3L","p":3.99,"u":"3,07 €/L","img":"https://fd8-photos.leclercdrive.fr/image.ashx?id=2898047&use=l&cat=p&typeid=i","cat":295020},{"id":228197,"n":"Sirop Frucci Fraise - 1.3L","p":3.77,"u":"2,90 €/L","img":"https://fd8-photos.leclercdrive.fr/image.ashx?id=2898041&use=l&cat=p&typeid=i","cat":295020},{"id":228198,"n":"Sirop Frucci Grenadine - 1.3L","p":3.28,"u":"2,52 €/L","img":"https://fd8-photos.leclercdrive.fr/image.ashx?id=2909921&use=l&cat=p&typeid=i","cat":295020},{"id":228199,"n":"Sirop Frucci Menthe - 1.3L","p":3.02,"u":"2,32 €/L","img":"https://fd8-photos.leclercdrive.fr/image.ashx?id=2898038&use=l&cat=p&typeid=i","cat":295020},{"id":228205,"n":"Nettoyant ménager AJAX Air frais coquelicots - 1.25L","p":3.15,"u":"2,52 €/L","img":"https://fd8-photos.leclercdrive.fr/image.ashx?id=2944473&use=l&cat=p&typeid=i","cat":284907},{"id":228279,"n":"Ratatouille cuisinée Cassegrain À la provençale - 3x380g","p":9.31,"u":"8,17 €/KG","img":"https://fd8-photos.leclercdrive.fr/image.ashx?id=2962119&use=l&cat=p&typeid=i","cat":312612},{"id":228320,"n":"Peau chamoisée  Tech 9 2x72cm","p":11.99,"img":"https://fd8-photos.leclercdrive.fr/image.ashx?id=2705116&use=l&cat=p&typeid=i","cat":298252},{"id":228321,"n":"Gant 2en 1 Tech 9 Microfibre - 1p","p":3.45,"img":"https://fd8-photos.leclercdrive.fr/image.ashx?id=2705113&use=l&cat=p&typeid=i","cat":298252},{"id":228396,"n":"Thé glacé Lipton Ice Tea Pêche - 6x33cl","p":3.17,"u":"1,60 €/L","img":"https://fd8-photos.leclercdrive.fr/image.ashx?id=2852471&use=l&cat=p&typeid=i","cat":295019},{"id":228406,"n":"Mini bâtonnet glace Trium  Rocher vanille Pecan x4 - 214g","p":2.99,"u":"13,97 €/KG","img":"https://fd8-photos.leclercdrive.fr/image.ashx?id=2911726&use=l&cat=p&typeid=i","cat":284265},{"id":228408,"n":"Bâtonnet de glace Trium Vanille - x8 - 628g","p":3.92,"u":"6,24 €/KG","img":"https://fd8-photos.leclercdrive.fr/image.ashx?id=2911729&use=l&cat=p&typeid=i","cat":284265},{"id":228409,"n":"Bâtonnets Trium  Vanille chocolat blanc x8 616g","p":4.69,"u":"7,61 €/KG","img":"https://fd8-photos.leclercdrive.fr/image.ashx?id=2911732&use=l&cat=p&typeid=i","cat":284265},{"id":228460,"n":"Capsules lave-vaisselle Sun Tout-en-1 Absolu Plus 390g x26","p":7.9,"u":"20,26 €/KG","img":"https://fd8-photos.leclercdrive.fr/image.ashx?id=2960282&use=l&cat=p&typeid=i","cat":284656},{"id":228461,"n":"Spray Nettoyant Menager Cif  Cleanboost Technology - 750 ml","p":2.95,"u":"3,93 €/L","img":"https://fd8-photos.leclercdrive.fr/image.ashx?id=2866214&use=l&cat=p&typeid=i","cat":325357},{"id":228462,"n":"Spray Nettoyant 5-en-1 Cif Cuisine & Salle de Bain 750ml","p":2.09,"u":"2,79 €/L","img":"https://fd8-photos.leclercdrive.fr/image.ashx?id=2999336&use=l&cat=p&typeid=i","cat":325357},{"id":228463,"n":"Liquide vaisselle mini Paic Citron - 500ml","p":1.49,"u":"2,98 €/L","img":"https://fd8-photos.leclercdrive.fr/image.ashx?id=2708020&use=l&cat=p&typeid=i","cat":284655},{"id":228464,"n":"Recharge Adoucissant Soupline Grand Air - 1L - x45","p":3.49,"u":"3,49 €/L","img":"https://fd8-photos.leclercdrive.fr/image.ashx?id=2860598&use=l&cat=p&typeid=i","cat":284650},{"id":228465,"n":"Nettoyant ménager Ajax Fête des fleurs muguets 1.25L","p":3.15,"u":"2,52 €/L","img":"https://fd8-photos.leclercdrive.fr/image.ashx?id=2926072&use=l&cat=p&typeid=i","cat":284907},{"id":228466,"n":"Liquide vaisselle et mains Paic Citron - 500ml","p":1.74,"u":"3,48 €/L","img":"https://fd8-photos.leclercdrive.fr/image.ashx?id=2708038&use=l&cat=p&typeid=i","cat":284655},{"id":228467,"n":"Spray nettoyant ménager Ajax Salle de bain - 500ml","p":2.68,"u":"5,36 €/L","img":"https://fd8-photos.leclercdrive.fr/image.ashx?id=2708041&use=l&cat=p&typeid=i","cat":325357},{"id":228468,"n":"Spray nettoyant ménager Ajax Multi-surfaces - 500ml","p":2.68,"u":"5,36 €/L","img":"https://fd8-photos.leclercdrive.fr/image.ashx?id=2708044&use=l&cat=p&typeid=i","cat":325357},{"id":228473,"n":"Déodorant Bulldog Original - 125ml","p":4.63,"u":"37,04 €/L","img":"https://fd8-photos.leclercdrive.fr/image.ashx?id=2708259&use=l&cat=p&typeid=i","cat":284595},{"id":228477,"n":"Brosse à dents Signal Triple Action - Medium - x4","p":1.99,"u":"0,50 €/P","img":"https://fd8-photos.leclercdrive.fr/image.ashx?id=2708310&use=l&cat=p&typeid=i","cat":284614},{"id":228479,"n":"Déodorant femme Rexona Invisible Aqua 72h - 100ml","p":2.64,"u":"26,40 €/L","img":"https://fd8-photos.leclercdrive.fr/image.ashx?id=2944488&use=l&cat=p&typeid=i","cat":284595},{"id":228480,"n":"Gel Douche Dove Advanced Care Nutrition Intense 225ml","p":2.52,"u":"11,20 €/L","img":"https://fd8-photos.leclercdrive.fr/image.ashx?id=2968580&use=l&cat=p&typeid=i","cat":284594},{"id":228481,"n":"Gel Douche Dove Advanced Care Nutrition Intense 400ml","p":4.76,"u":"11,90 €/L","img":"https://fd8-photos.leclercdrive.fr/image.ashx?id=2991036&use=l&cat=p&typeid=i","cat":284594},{"id":228484,"n":"Gel Douche Dove Hydratant 450ml","p":4.09,"u":"9,09 €/L","img":"https://fd8-photos.leclercdrive.fr/image.ashx?id=2993499&use=l&cat=p&typeid=i","cat":284594},{"id":228486,"n":"Gel douche Dove Fraîcheur - 450ml","p":3.32,"u":"7,38 €/L","img":"https://fd8-photos.leclercdrive.fr/image.ashx?id=2738707&use=l&cat=p&typeid=i","cat":284594},{"id":228490,"n":"Lessive liquide Le Chat  L'Expert bicarbonate x66 -2.97L","p":15.65,"u":"5,27 €/L","img":"https://fd8-photos.leclercdrive.fr/image.ashx?id=2877781&use=l&cat=p&typeid=i","cat":284640},{"id":228499,"n":"Lessive liquide X-tra Total 4 en 1 x63 - 2.835L","p":9.33,"u":"3,29 €/L","img":"https://fd8-photos.leclercdrive.fr/image.ashx?id=2921561&use=l&cat=p&typeid=i","cat":284640},{"id":228501,"n":"Lessive liquide X-tra Total Savon de Marseille x63  -2.835L","p":11.45,"u":"4,04 €/L","img":"https://fd8-photos.leclercdrive.fr/image.ashx?id=2921564&use=l&cat=p&typeid=i","cat":284640},{"id":228503,"n":"Recharge lessive Maison Verte Huiles essentielles x33 -1.485L","p":6.25,"u":"4,21 €/L","img":"https://fd8-photos.leclercdrive.fr/image.ashx?id=2890625&use=l&cat=p&typeid=i","cat":284644},{"id":228506,"n":"Lessive liquide Mir Black Raviveur noir x27 - 1.35L","p":7.76,"u":"5,75 €/L","img":"https://fd8-photos.leclercdrive.fr/image.ashx?id=2881323&use=l&cat=p&typeid=i","cat":284644},{"id":228509,"n":"Lessive liquide Mir Laine Textile délicat x27 - 1.35L","p":7.69,"u":"5,70 €/L","img":"https://fd8-photos.leclercdrive.fr/image.ashx?id=2890118&use=l&cat=p&typeid=i","cat":284644},{"id":228510,"n":"Lessive liquide Super Croix X-tra Bora Bora x42 - 1.89L","p":7.72,"u":"4,08 €/L","img":"https://fd8-photos.leclercdrive.fr/image.ashx?id=2876263&use=l&cat=p&typeid=i","cat":284640},{"id":228511,"n":"Lessive liquide Maison Verte Fraîcheur d'été - 1.485L x33","p":7.95,"u":"5,35 €/L","img":"https://fd8-photos.leclercdrive.fr/image.ashx?id=2890121&use=l&cat=p&typeid=i","cat":284640},{"id":228631,"n":"Soda Coca-Cola Sans Sucres Canette - Pack 6x20CL","p":3.48,"u":"2,90 €/L","img":"https://fd8-photos.leclercdrive.fr/image.ashx?id=2709352&use=l&cat=p&typeid=i","cat":284530},{"id":228684,"n":"Bière blonde La Bête 8° - 12x25cl","p":14.29,"u":"4,76 €/L","img":"https://fd8-photos.leclercdrive.fr/image.ashx?id=2709199&use=l&cat=p&typeid=i","cat":334872},{"id":228702,"n":"Shampooing Head & Shoulders  Sébo régulateur - 625ml","p":9.53,"u":"15,25 €/L","img":"https://fd8-photos.leclercdrive.fr/image.ashx?id=2712163&use=l&cat=p&typeid=i","cat":284606},{"id":228735,"n":"Citronnade Tropicana Framboise hibiscus - 90cl","p":2.05,"u":"2,28 €/L","img":"https://fd8-photos.leclercdrive.fr/image.ashx?id=3014395&use=l&cat=p&typeid=i","cat":285435},{"id":228762,"n":"Shampooing Head & Shoulders Pure intense - 625ml","p":9.52,"u":"15,23 €/L","img":"https://fd8-photos.leclercdrive.fr/image.ashx?id=2878459&use=l&cat=p&typeid=i","cat":284606},{"id":228810,"n":"Capsules Nescafé Dolce Gusto Espresso Décaféiné - x16","p":5.35,"u":"55,73 €/KG","img":"https://fd8-photos.leclercdrive.fr/image.ashx?id=2710446&use=l&cat=p&typeid=i","cat":293239},{"id":228862,"n":"Lait bébé Candia Baby croissance 3ème âge - 18x25cl","p":11.09,"u":"2,46 €/L","img":"https://fd8-photos.leclercdrive.fr/image.ashx?id=2963367&use=l&cat=p&typeid=i","cat":284728},{"id":228926,"n":"Lait infantile Guigoz Optipro 2ème age -1,3L","p":4.34,"u":"3,34 €/L","img":"https://fd8-photos.leclercdrive.fr/image.ashx?id=2712145&use=l&cat=p&typeid=i","cat":284727},{"id":228932,"n":"Lait croissance Guigoz Optipro 3 - 6x500ml","p":7.7,"u":"2,57 €/L","img":"https://fd8-photos.leclercdrive.fr/image.ashx?id=2712139&use=l&cat=p&typeid=i","cat":284728},{"id":228934,"n":"P'tit brassé Pomme  Nestlé Framboise céréale 2X115g","p":1.31,"u":"5,70 €/KG","img":"https://fd8-photos.leclercdrive.fr/image.ashx?id=2712130&use=l&cat=p&typeid=i","cat":312392},{"id":228948,"n":"Biscuits Mulino Bianco Nascondini - 330g","p":5.04,"u":"15,27 €/KG","img":"https://fd8-photos.leclercdrive.fr/image.ashx?id=2850258&use=l&cat=p&typeid=i","cat":289010},{"id":228950,"n":"Biscuits Mulino Bianco Macine - 350g","p":3.52,"u":"10,06 €/KG","img":"https://fd8-photos.leclercdrive.fr/image.ashx?id=2880567&use=l&cat=p&typeid=i","cat":289010},{"id":228952,"n":"Biscuits Mulino Bianco Galetti - 350g","p":3.95,"u":"11,29 €/KG","img":"https://fd8-photos.leclercdrive.fr/image.ashx?id=2850252&use=l&cat=p&typeid=i","cat":289010},{"id":228953,"n":"Boisson Gazeuse Maison Perrier Magnetic Juice Ananas 4x25cl","p":3.02,"u":"3,02 €/L","img":"https://fd8-photos.leclercdrive.fr/image.ashx?id=2924890&use=l&cat=p&typeid=i","cat":284536},{"id":228954,"n":"Boisson Gazeuse Maison Perrier Magnetic Juice Pêche 4x25cl","p":3.02,"u":"3,02 €/L","img":"https://fd8-photos.leclercdrive.fr/image.ashx?id=2924887&use=l&cat=p&typeid=i","cat":284536},{"id":228957,"n":"Dessert P'tit brassé  Mini banane - 300g","p":1.58,"u":"5,27 €/KG","img":"https://fd8-photos.leclercdrive.fr/image.ashx?id=2958203&use=l&cat=p&typeid=i","cat":312392},{"id":228963,"n":"Thé noir en vrac Lipton à l'Orange d'Espagne - 150g","p":6.09,"u":"40,60 €/KG","img":"https://fd8-photos.leclercdrive.fr/image.ashx?id=2746316&use=l&cat=p&typeid=i","cat":293234},{"id":228976,"n":"Infusion Saveurs du soir Lipton Grand sud - 32g","p":1.19,"u":"37,19 €/KG","img":"https://fd8-photos.leclercdrive.fr/image.ashx?id=2718741&use=l&cat=p&typeid=i","cat":293234},{"id":228983,"n":"Pare-soleil Latéraux Tech9 Arrondi - 100x50cm - x2","p":6.95,"img":"https://fd8-photos.leclercdrive.fr/image.ashx?id=2712367&use=l&cat=p&typeid=i","cat":298252},{"id":228986,"n":"Thé noir au citron d'Espagne Lipton Russian earl grey - 150g","p":6.09,"u":"40,60 €/KG","img":"https://fd8-photos.leclercdrive.fr/image.ashx?id=2745100&use=l&cat=p&typeid=i","cat":293233},{"id":228992,"n":"Thé vert Lipton Bio  x20 - 28g","p":2.91,"u":"103,93 €/KG","img":"https://fd8-photos.leclercdrive.fr/image.ashx?id=2739405&use=l&cat=p&typeid=i","cat":293233},{"id":228995,"n":"Coffret thé noir Lipton Sensations x50 - 82g","p":9.5,"pp":6.65,"u":"81,10 €/KG","img":"https://fd8-photos.leclercdrive.fr/image.ashx?id=2719636&use=l&cat=p&typeid=i","cat":293233},{"id":228996,"n":"Pare-soleil Tech9 Pare-brise avant - 175x90cm","p":6.2,"img":"https://fd8-photos.leclercdrive.fr/image.ashx?id=2712361&use=l&cat=p&typeid=i","cat":298252},{"id":229000,"n":"Barres Chocolatées DUPLO  Chocolat au Lait x10 - 182g","p":3.58,"u":"19,67 €/KG","img":"https://fd8-photos.leclercdrive.fr/image.ashx?id=2712759&use=l&cat=p&typeid=i","cat":284498},{"id":229010,"n":"Kit tacos Old El Paso Street Vibes barbacoa - 255g","p":3.45,"u":"13,53 €/KG","img":"https://fd8-photos.leclercdrive.fr/image.ashx?id=2764631&use=l&cat=p&typeid=i","cat":288993},{"id":229013,"n":"Sauce Keralan coconut  The Spice Tailor - 225g","p":4.49,"u":"19,96 €/KG","img":"https://fd8-photos.leclercdrive.fr/image.ashx?id=2722102&use=l&cat=p&typeid=i","cat":289012},{"id":229029,"n":"Tomates entières Alro 400g","p":1.25,"u":"5,21 €/KG","img":"https://fd8-photos.leclercdrive.fr/image.ashx?id=2994545&use=l&cat=p&typeid=i","cat":289010},{"id":229041,"n":"Sauce pot japanese Sharwood's 415g","p":3.54,"u":"8,53 €/KG","img":"https://fd8-photos.leclercdrive.fr/image.ashx?id=2792894&use=l&cat=p&typeid=i","cat":288992},{"id":229056,"n":"Nouilles instantanées Tanoshi Blé curry - sachet 85g","p":0.6,"u":"7,06 €/KG","img":"https://fd8-photos.leclercdrive.fr/image.ashx?id=2912053&use=l&cat=p&typeid=i","cat":288992},{"id":229058,"n":"Nouilles instantannées Tanoshi Blé canard - sachet 85g","p":0.6,"u":"7,06 €/KG","img":"https://fd8-photos.leclercdrive.fr/image.ashx?id=2906187&use=l&cat=p&typeid=i","cat":288992},{"id":229059,"n":"Nouilles instantannées Tanoshi Blé crevette- sachet 85g","p":0.6,"u":"7,06 €/KG","img":"https://fd8-photos.leclercdrive.fr/image.ashx?id=2912047&use=l&cat=p&typeid=i","cat":288992},{"id":229061,"n":"Sauce soja salée Tanoshi 200ml","p":2.12,"u":"10,60 €/L","img":"https://fd8-photos.leclercdrive.fr/image.ashx?id=2921603&use=l&cat=p&typeid=i","cat":288992},{"id":229062,"n":"Nouilles Ramen Tanoshi Crevettes - 360g","p":2.23,"u":"6,19 €/KG","img":"https://fd8-photos.leclercdrive.fr/image.ashx?id=2731954&use=l&cat=p&typeid=i","cat":288992},{"id":229065,"n":"Sauce soja  Kikkoman 1L","p":12.59,"u":"12,59 €/L","img":"https://fd8-photos.leclercdrive.fr/image.ashx?id=2849373&use=l&cat=p&typeid=i","cat":288992},{"id":229072,"n":"Biscuits chocolats Kinder Duo Chocolat blanc et lait - 2x150g","p":4.39,"u":"14,63 €/KG","img":"https://fd8-photos.leclercdrive.fr/image.ashx?id=2718188&use=l&cat=p&typeid=i","cat":284488},{"id":229102,"n":"Capsule Nescafé Farmers Origins  Africas Int 10 - x18","p":4.27,"u":"54,05 €/KG","img":"https://fd8-photos.leclercdrive.fr/image.ashx?id=2714588&use=l&cat=p&typeid=i","cat":284749},{"id":229109,"n":"Capsule Nescafé Farmers Origins Intensité 7 - x10 - 44g","p":2.32,"u":"52,73 €/KG","img":"https://fd8-photos.leclercdrive.fr/image.ashx?id=2714585&use=l&cat=p&typeid=i","cat":284749},{"id":229125,"n":"Ampoules led standard B22 60w - x3","p":3.69,"u":"Dont 0,19 € d'éco-part.","img":"https://fd8-photos.leclercdrive.fr/image.ashx?id=2713500&use=l&cat=p&typeid=i","cat":300573},{"id":229127,"n":"Ampoules led Flamme E14 40w - x3","p":3.99,"u":"Dont 0,86 € d'éco-part.","img":"https://fd8-photos.leclercdrive.fr/image.ashx?id=2713503&use=l&cat=p&typeid=i","cat":300573},{"id":229128,"n":"Nouilles Tanoshi Curry épicé cup de 65g","p":1.02,"u":"15,69 €/KG","img":"https://fd8-photos.leclercdrive.fr/image.ashx?id=2939442&use=l&cat=p&typeid=i","cat":288992},{"id":229137,"n":"Nouilles Tanoshi Poulet shitake cup de 65g","p":1.02,"u":"15,69 €/KG","img":"https://fd8-photos.leclercdrive.fr/image.ashx?id=2906208&use=l&cat=p&typeid=i","cat":288992},{"id":229156,"n":"Vin efferverscent Perlino Prosecco brut - 75cl","p":7.53,"u":"10,04 €/L","img":"https://fd8-photos.leclercdrive.fr/image.ashx?id=2873333&use=l&cat=p&typeid=i","cat":289461},{"id":229159,"n":"Jus Tropicana Juicy  Pomme Cassis Framboise - 1,5L","p":2.24,"u":"1,49 €/L","img":"https://fd8-photos.leclercdrive.fr/image.ashx?id=3010801&use=l&cat=p&typeid=i","cat":284915},{"id":229161,"n":"Les 16 sublimes macarons fruits 224g","p":9.9,"u":"44,20 €/KG","img":"https://fd8-photos.leclercdrive.fr/image.ashx?id=2992239&use=l&cat=p&typeid=i","cat":284360},{"id":229163,"n":"Les 16 macarons délicieux  Coffret 16 pièces","p":11.36,"u":"0,71 €/P","img":"https://fd8-photos.leclercdrive.fr/image.ashx?id=2992236&use=l&cat=p&typeid=i","cat":284360},{"id":229164,"n":"Les 16 macarons irrésistibles  Exotiques - Coffret 16 pièces","p":9.9,"u":"0,62 €/P","img":"https://fd8-photos.leclercdrive.fr/image.ashx?id=2992242&use=l&cat=p&typeid=i","cat":284360},{"id":229167,"n":"Eau de source Cristaline  Petillante - 6x33cl","p":2.29,"u":"1,16 €/L","img":"https://fd8-photos.leclercdrive.fr/image.ashx?id=2714018&use=l&cat=p&typeid=i","cat":284536},{"id":229170,"n":"Bière aromatisée Desperados  Tropical - 12x33cl","p":15.98,"u":"4,04 €/L","img":"https://fd8-photos.leclercdrive.fr/image.ashx?id=2981491&use=l&cat=p&typeid=i","cat":334878},{"id":229224,"n":"Glace pâte à tartiner Nutella 230g","p":3.98,"u":"17,30 €/KG","img":"https://fd8-photos.leclercdrive.fr/image.ashx?id=2905672&use=l&cat=p&typeid=i","cat":284725},{"id":229243,"n":"Soin capillaire express Le  Petit Marseillais Karité -200ml","p":3.7,"u":"18,50 €/L","img":"https://fd8-photos.leclercdrive.fr/image.ashx?id=2735248&use=l&cat=p&typeid=i","cat":284608},{"id":229288,"n":"Glace Carte d'Or Café - 374g","p":2.82,"u":"7,54 €/KG","img":"https://fd8-photos.leclercdrive.fr/image.ashx?id=2973348&use=l&cat=p&typeid=i","cat":284263},{"id":229289,"n":"Glace Carte d'Or Chocolat Noir - 374g","p":2.69,"u":"7,19 €/KG","img":"https://fd8-photos.leclercdrive.fr/image.ashx?id=2849370&use=l&cat=p&typeid=i","cat":284263},{"id":229293,"n":"Crème Glacée Carte D'Or crème  de Vanille de Madagascar 700ml","p":3.27,"u":"8,91 €/KG","img":"https://fd8-photos.leclercdrive.fr/image.ashx?id=2793062&use=l&cat=p&typeid=i","cat":284263},{"id":229394,"n":"Crème glacée La Laitière Café - 490g","p":3.24,"pp":2.27,"u":"4,63 €/KG","img":"https://fd8-photos.leclercdrive.fr/image.ashx?id=3000021&use=l&cat=p&typeid=i","cat":284263},{"id":229397,"n":"Sorbet La Laitière Fraise - 558g","p":3.24,"pp":2.27,"u":"4,07 €/KG","img":"https://fd8-photos.leclercdrive.fr/image.ashx?id=3000018&use=l&cat=p&typeid=i","cat":284263},{"id":229413,"n":"Spray Citronnelle Marie Rose Répulsif & apaisant - 100ml","p":5.9,"u":"59,00 €/L","img":"https://fd8-photos.leclercdrive.fr/image.ashx?id=2973580&use=l&cat=p&typeid=i","cat":299654},{"id":229421,"n":"Biscuits BN Flipz  Chocolat au lait - 90g","p":1.65,"u":"18,33 €/KG","img":"https://fd8-photos.leclercdrive.fr/image.ashx?id=2716084&use=l&cat=p&typeid=i","cat":284488},{"id":229487,"n":"Margarine ProActiv Expert Tartine et gourmet -Doux - 450g","p":5.15,"u":"11,44 €/KG","img":"https://fd8-photos.leclercdrive.fr/image.ashx?id=2972601&use=l&cat=p&typeid=i","cat":315229},{"id":229497,"n":"Chips Lay's  Bolognaise - 130g","p":1.49,"u":"11,46 €/KG","img":"https://fd8-photos.leclercdrive.fr/image.ashx?id=3011149&use=l&cat=p&typeid=i","cat":284447},{"id":229498,"n":"Chips Lay's Moutarde pickles - 135g","p":1.55,"u":"11,48 €/KG","img":"https://fd8-photos.leclercdrive.fr/image.ashx?id=3011152&use=l&cat=p&typeid=i","cat":284447},{"id":229509,"n":"Déodorant Rexona Men  Cobalt Dry - 2x50ml","p":6.43,"u":"64,30 €/L","img":"https://fd8-photos.leclercdrive.fr/image.ashx?id=2943792&use=l&cat=p&typeid=i","cat":284618},{"id":229513,"n":"Soda 7UP Citron/citron vert zéro -6x33cl","p":3.79,"u":"1,91 €/L","img":"https://fd8-photos.leclercdrive.fr/image.ashx?id=2717553&use=l&cat=p&typeid=i","cat":284531},{"id":229517,"n":"Soda au cola Pepsi Zéro sucres Le lot de 6x33cl canettes","p":3.15,"u":"1,59 €/L","img":"https://fd8-photos.leclercdrive.fr/image.ashx?id=2773391&use=l&cat=p&typeid=i","cat":284530},{"id":229523,"n":"Thé glacé Lipton Ice Tea Pêche Le lot de 12x33cl canettes","p":7.92,"u":"2,00 €/L","img":"https://fd8-photos.leclercdrive.fr/image.ashx?id=2717550&use=l&cat=p&typeid=i","cat":295019},{"id":229524,"n":"Thé glacé pétillant Lipton Ice Tea pêche - canettes 6x33cl","p":3.99,"u":"2,02 €/L","img":"https://fd8-photos.leclercdrive.fr/image.ashx?id=2900833&use=l&cat=p&typeid=i","cat":295019},{"id":229546,"n":"Cassonade Saint Louis 1kg","p":2.37,"u":"2,37 €/KG","img":"https://fd8-photos.leclercdrive.fr/image.ashx?id=2717595&use=l&cat=p&typeid=i","cat":284502},{"id":229589,"n":"Thon blanc Connetable Germon au naturel - 240g","p":5.91,"u":"24,63 €/KG","img":"https://fd8-photos.leclercdrive.fr/image.ashx?id=2717607&use=l&cat=p&typeid=i","cat":303867},{"id":229594,"n":"Pizza Dr Oetker Ristorante Jambon Champignon - 580g","p":4.64,"u":"8,00 €/KG","img":"https://fd8-photos.leclercdrive.fr/image.ashx?id=2993080&use=l&cat=p&typeid=i","cat":284256},{"id":229596,"n":"Capsules Starbucks by Nespresso  Vanille Int 5 - x10","p":3.16,"u":"61,96 €/KG","img":"https://fd8-photos.leclercdrive.fr/image.ashx?id=2718263&use=l&cat=p&typeid=i","cat":284749},{"id":229599,"n":"Capsules Starbucks by Nespresso  Caramel Int 5 - x10","p":4.16,"u":"81,57 €/KG","img":"https://fd8-photos.leclercdrive.fr/image.ashx?id=2718260&use=l&cat=p&typeid=i","cat":284749},{"id":229603,"n":"Vin de France rosé Papote  75cl","p":3.54,"u":"4,72 €/L","img":"https://fd8-photos.leclercdrive.fr/image.ashx?id=2717568&use=l&cat=p&typeid=i","cat":289558},{"id":229605,"n":"Vin de France rouge 75cl","p":3.9,"u":"5,20 €/L","img":"https://fd8-photos.leclercdrive.fr/image.ashx?id=2717565&use=l&cat=p&typeid=i","cat":289556},{"id":229607,"n":"Vin de France blanc Papoté 75cl","p":3.54,"u":"4,72 €/L","img":"https://fd8-photos.leclercdrive.fr/image.ashx?id=2717562&use=l&cat=p&typeid=i","cat":289557},{"id":229609,"n":"Boisson fraise banane Jafun 1L","p":1.2,"u":"1,20 €/L","img":"https://fd8-photos.leclercdrive.fr/image.ashx?id=2956792&use=l&cat=p&typeid=i","cat":295018},{"id":229614,"n":"Jus tropical Tropicana 1.5L","p":2.24,"u":"1,49 €/L","img":"https://fd8-photos.leclercdrive.fr/image.ashx?id=3010798&use=l&cat=p&typeid=i","cat":284916},{"id":229763,"n":"Thon blanc Connetable 320g","p":6.67,"u":"20,84 €/KG","img":"https://fd8-photos.leclercdrive.fr/image.ashx?id=2719123&use=l&cat=p&typeid=i","cat":303867},{"id":229771,"n":"Bière blanche La Bête 5,2° - 50cl canette","p":2.19,"u":"4,38 €/L","img":"https://fd8-photos.leclercdrive.fr/image.ashx?id=2719192&use=l&cat=p&typeid=i","cat":334853},{"id":229846,"n":"Serviettes fuites urinaires  Always Discreet - 3x10p","p":12.56,"u":"0,42 €/P","img":"https://fd8-photos.leclercdrive.fr/image.ashx?id=2721433&use=l&cat=p&typeid=i","cat":284628},{"id":229847,"n":"Serviettes fuites urinaires Always Discreet - x18p","p":12.56,"u":"0,70 €/P","img":"https://fd8-photos.leclercdrive.fr/image.ashx?id=2721436&use=l&cat=p&typeid=i","cat":284628},{"id":229848,"n":"Serviettes fuites urinaires Always Discreet - x24","p":8.94,"u":"0,37 €/P","img":"https://fd8-photos.leclercdrive.fr/image.ashx?id=2721439&use=l&cat=p&typeid=i","cat":284628},{"id":229849,"n":"Serviettes fuites urinaires Always Discreet -x48","p":12.54,"u":"0,26 €/P","img":"https://fd8-photos.leclercdrive.fr/image.ashx?id=2721442&use=l&cat=p&typeid=i","cat":284628},{"id":229851,"n":"Serviettes fuites urinaires  Always Discreet - x32","p":12.69,"u":"0,40 €/P","img":"https://fd8-photos.leclercdrive.fr/image.ashx?id=2721448&use=l&cat=p&typeid=i","cat":284628},{"id":229852,"n":"Serviettes fuites urinaires  Always Distreet - x24","p":12.74,"u":"0,53 €/P","img":"https://fd8-photos.leclercdrive.fr/image.ashx?id=2721451&use=l&cat=p&typeid=i","cat":284628},{"id":229853,"n":"Serviettes fuites urinaires Always Distreet - x24","p":12.52,"u":"0,52 €/P","img":"https://fd8-photos.leclercdrive.fr/image.ashx?id=2818157&use=l&cat=p&typeid=i","cat":284628},{"id":229854,"n":"Shampooing Head & Shouder revitalize - 400ml","p":7.37,"u":"18,43 €/L","img":"https://fd8-photos.leclercdrive.fr/image.ashx?id=2719852&use=l&cat=p&typeid=i","cat":284606},{"id":229855,"n":"Shampooing Head & Shoulders 400ml","p":6.29,"u":"15,73 €/L","img":"https://fd8-photos.leclercdrive.fr/image.ashx?id=2719855&use=l&cat=p&typeid=i","cat":284606},{"id":229879,"n":"Apéritif Campari 25% vol - 70cl","p":17.53,"u":"25,04 €/L","img":"https://fd8-photos.leclercdrive.fr/image.ashx?id=3009155&use=l&cat=p&typeid=i","cat":286032},{"id":229891,"n":"Pain de mie complet Harrys Sandwich Sans sucre ajouté 600g","p":1.85,"u":"3,08 €/KG","img":"https://fd8-photos.leclercdrive.fr/image.ashx?id=2962473&use=l&cat=p&typeid=i","cat":284477},{"id":229893,"n":"Pain de mie complet Harrys Sandwich Sans sucre ajouté 900g","p":2.45,"u":"2,72 €/KG","img":"https://fd8-photos.leclercdrive.fr/image.ashx?id=2962476&use=l&cat=p&typeid=i","cat":284477},{"id":229896,"n":"Pain de mie nature Harrys American Sandwich 550g","p":1.75,"u":"3,18 €/KG","img":"https://fd8-photos.leclercdrive.fr/image.ashx?id=2962446&use=l&cat=p&typeid=i","cat":284477},{"id":229897,"n":"Pain de mie nature Harrys Sandwich Sans sucre ajouté 825g","p":2.39,"u":"2,90 €/KG","img":"https://fd8-photos.leclercdrive.fr/image.ashx?id=2962449&use=l&cat=p&typeid=i","cat":284477},{"id":229898,"n":"Pain de mie nature Harrys Sandwich Tranches épaisses 550g","p":2.09,"u":"3,80 €/KG","img":"https://fd8-photos.leclercdrive.fr/image.ashx?id=2962455&use=l&cat=p&typeid=i","cat":284477},{"id":229916,"n":"Petits biscuits apéritifs Michel & Augustin - 90g","p":2.96,"u":"32,89 €/KG","img":"https://fd8-photos.leclercdrive.fr/image.ashx?id=2920552&use=l&cat=p&typeid=i","cat":297000},{"id":229920,"n":"Pain de mie rustique Harrys Sandwich Sans sucre ajouté 500g","p":2.39,"u":"4,78 €/KG","img":"https://fd8-photos.leclercdrive.fr/image.ashx?id=2962458&use=l&cat=p&typeid=i","cat":284477},{"id":229921,"n":"Pain de mie céréales Harrys Sandwich Sans sucre ajouté 550g","p":1.95,"u":"3,55 €/KG","img":"https://fd8-photos.leclercdrive.fr/image.ashx?id=2962452&use=l&cat=p&typeid=i","cat":284477},{"id":230147,"n":"Tablette chocolat Pure Via Eclats de noisettes - 100g","p":2.99,"u":"29,90 €/KG","img":"https://fd8-photos.leclercdrive.fr/image.ashx?id=2789937&use=l&cat=p&typeid=i","cat":284497},{"id":230150,"n":"Tablette chocolat Poulain Noir extra - 4x100g","p":4.99,"u":"12,48 €/KG","img":"https://fd8-photos.leclercdrive.fr/image.ashx?id=2867569&use=l&cat=p&typeid=i","cat":284956},{"id":230151,"n":"Tablette de chocolat Lindt Création blanc rocher - 145g","p":3.99,"u":"27,52 €/KG","img":"https://fd8-photos.leclercdrive.fr/image.ashx?id=2720446&use=l&cat=p&typeid=i","cat":284957},{"id":230155,"n":"Tablette chocolat Poulain Noir extra - 400g","p":4.17,"u":"10,43 €/KG","img":"https://fd8-photos.leclercdrive.fr/image.ashx?id=2964502&use=l&cat=p&typeid=i","cat":284956},{"id":230160,"n":"Chocolat gianduja Novi Noisettes - 130g","p":2.67,"u":"20,54 €/KG","img":"https://fd8-photos.leclercdrive.fr/image.ashx?id=2778602&use=l&cat=p&typeid=i","cat":284497},{"id":230161,"n":"Tablette de chocolat Lindt Excellence noir dentelle - 100g","p":2.73,"u":"27,30 €/KG","img":"https://fd8-photos.leclercdrive.fr/image.ashx?id=2720440&use=l&cat=p&typeid=i","cat":284497},{"id":230162,"n":"Tablette de chocolat Lindt Excellence noir gaufrette  100g","p":3.06,"u":"30,60 €/KG","img":"https://fd8-photos.leclercdrive.fr/image.ashx?id=2720437&use=l&cat=p&typeid=i","cat":284956},{"id":230167,"n":"Lessive liquide X-tra Total  Ecopack  x41 - 1.845L","p":6.45,"u":"3,50 €/L","img":"https://fd8-photos.leclercdrive.fr/image.ashx?id=2890124&use=l&cat=p&typeid=i","cat":284640},{"id":230171,"n":"Bière Picon 1L","p":11.03,"u":"11,03 €/L","img":"https://fd8-photos.leclercdrive.fr/image.ashx?id=2720908&use=l&cat=p&typeid=i","cat":334872},{"id":230193,"n":"Nettoyant ménager La Croix Gel utra dégraissant - 1L","p":2.21,"u":"2,21 €/L","img":"https://fd8-photos.leclercdrive.fr/image.ashx?id=2721534&use=l&cat=p&typeid=i","cat":325357},{"id":230198,"n":"Gel nettoyant WC La Croix Ultra WC - 750ml","p":1.39,"u":"1,85 €/L","img":"https://fd8-photos.leclercdrive.fr/image.ashx?id=2721531&use=l&cat=p&typeid=i","cat":284662},{"id":230297,"n":"Shampooing head & Shoulder Hydrate - 400ml","p":6.28,"u":"15,70 €/L","img":"https://fd8-photos.leclercdrive.fr/image.ashx?id=2878471&use=l&cat=p&typeid=i","cat":284606},{"id":230323,"n":"Fromage Fol Epi  Extra fondant x6 - 130g","p":2.48,"u":"19,08 €/KG","img":"https://fd8-photos.leclercdrive.fr/image.ashx?id=2765934&use=l&cat=p&typeid=i","cat":314028},{"id":230596,"n":"Colin à la Bordelaise Findus  MSC - 380g","p":3.29,"u":"8,66 €/KG","img":"https://fd8-photos.leclercdrive.fr/image.ashx?id=2899503&use=l&cat=p&typeid=i","cat":319786},{"id":230647,"n":"Dessert végétal Andros Chocolat - 4x100g","p":3.06,"u":"7,65 €/KG","img":"https://fd8-photos.leclercdrive.fr/image.ashx?id=2872003&use=l&cat=p&typeid=i","cat":316071},{"id":230691,"n":"Carottes rapées Bonduelle À la moutarde à l'ancienne 300g","p":2.09,"u":"6,97 €/KG","img":"https://fd8-photos.leclercdrive.fr/image.ashx?id=2894179&use=l&cat=p&typeid=i","cat":333657},{"id":230705,"n":"Gnocchi à poêler Lustucru Jambon fromage - 500g","p":3.65,"u":"7,30 €/KG","img":"https://fd8-photos.leclercdrive.fr/image.ashx?id=2786213&use=l&cat=p&typeid=i","cat":333682},{"id":230754,"n":"Huile solaire Lovea Solaire - SPF30 - 150ml","p":14.15,"u":"94,33 €/L","img":"https://fd8-photos.leclercdrive.fr/image.ashx?id=2723827&use=l&cat=p&typeid=i","cat":325349},{"id":230758,"n":"Dentifrice Oral-B 3D White Arctic Fresh - 75ml","p":3.72,"u":"49,60 €/L","img":"https://fd8-photos.leclercdrive.fr/image.ashx?id=2902385&use=l&cat=p&typeid=i","cat":284612},{"id":230763,"n":"Beurre demi-sel Paysan Breton 250g","p":3.53,"u":"14,12 €/KG","img":"https://fd8-photos.leclercdrive.fr/image.ashx?id=2959463&use=l&cat=p&typeid=i","cat":284379},{"id":230778,"n":"Purée façon écrasé Dahl Yooji Bio - Dès 8 mois - 400g","p":4.52,"u":"11,30 €/KG","img":"https://fd8-photos.leclercdrive.fr/image.ashx?id=2723869&use=l&cat=p&typeid=i","cat":290631},{"id":230781,"n":"Chips Street food Vico Saveur poulet Tex Mex - 120g","p":1.45,"u":"12,08 €/KG","img":"https://fd8-photos.leclercdrive.fr/image.ashx?id=3000099&use=l&cat=p&typeid=i","cat":284447},{"id":230830,"n":"Crackers Belin Monaco Emmental 110g","p":1.39,"u":"12,64 €/KG","img":"https://fd8-photos.leclercdrive.fr/image.ashx?id=3002228&use=l&cat=p&typeid=i","cat":297000},{"id":230863,"n":"Crackers Monaco Belin Emmental  170g","p":1.44,"u":"8,47 €/KG","img":"https://fd8-photos.leclercdrive.fr/image.ashx?id=3002231&use=l&cat=p&typeid=i","cat":297000},{"id":230937,"n":"Panés végétal Better Balance 160g","p":2.99,"u":"18,69 €/KG","img":"https://fd8-photos.leclercdrive.fr/image.ashx?id=2866136&use=l&cat=p&typeid=i","cat":316036},{"id":230938,"n":"Knaggies végétal Better Balance 200g","p":2.44,"u":"12,20 €/KG","img":"https://fd8-photos.leclercdrive.fr/image.ashx?id=2964117&use=l&cat=p&typeid=i","cat":316036},{"id":230980,"n":"Chocolat lait Lindt Noisettes  Lucky Monkey - 100g","p":2.73,"u":"27,30 €/KG","img":"https://fd8-photos.leclercdrive.fr/image.ashx?id=2725075&use=l&cat=p&typeid=i","cat":284497},{"id":231020,"n":"Tube harissa El Manar - 70g","p":0.72,"u":"10,29 €/KG","img":"https://fd8-photos.leclercdrive.fr/image.ashx?id=2725810&use=l&cat=p&typeid=i","cat":289013},{"id":231095,"n":"Mayonnaise de Dijon Amora 605g","p":3.53,"u":"5,83 €/KG","img":"https://fd8-photos.leclercdrive.fr/image.ashx?id=2877292&use=l&cat=p&typeid=i","cat":298295},{"id":231098,"n":"Thon Rio Mare 195g","p":4.99,"u":"25,59 €/KG","img":"https://fd8-photos.leclercdrive.fr/image.ashx?id=2725867&use=l&cat=p&typeid=i","cat":303867},{"id":231129,"n":"Filets de thon Rio Mare Huile d'olive vierge extra 130g","p":3.33,"u":"25,62 €/KG","img":"https://fd8-photos.leclercdrive.fr/image.ashx?id=2726257&use=l&cat=p&typeid=i","cat":303867},{"id":231181,"n":"Capsules Absolu + Bicarbonate Sun - Lave-vaiselle x26 - 390g","p":7.9,"u":"20,26 €/KG","img":"https://fd8-photos.leclercdrive.fr/image.ashx?id=2960279&use=l&cat=p&typeid=i","cat":284656},{"id":231203,"n":"Lessive liquide Super Croix  X-tra Japon x42- 1.89L","p":10.19,"u":"5,39 €/L","img":"https://fd8-photos.leclercdrive.fr/image.ashx?id=2876272&use=l&cat=p&typeid=i","cat":284640},{"id":231226,"n":"Doonuts nappés St Michel 8+4 offerts - 360g","p":2.35,"u":"6,53 €/KG","img":"https://fd8-photos.leclercdrive.fr/image.ashx?id=2936308&use=l&cat=p&typeid=i","cat":284495},{"id":231228,"n":"Doomino chocolat St Michel 8+4 offerts - 360g","p":2.42,"u":"6,72 €/KG","img":"https://fd8-photos.leclercdrive.fr/image.ashx?id=2986290&use=l&cat=p&typeid=i","cat":284495},{"id":231366,"n":"Boîtes chien Cesar Natural Goodness en terrine - 3x400g","p":7.16,"u":"5,97 €/KG","img":"https://fd8-photos.leclercdrive.fr/image.ashx?id=2796405&use=l&cat=p&typeid=i","cat":288578},{"id":231368,"n":"Capsules café L'Or Espresso Supremo N°10 x30","p":9.35,"u":"59,94 €/KG","img":"https://fd8-photos.leclercdrive.fr/image.ashx?id=2788052&use=l&cat=p&typeid=i","cat":284749},{"id":231369,"n":"Capsules café L'Or Espresso Splendente N°7 x30","p":9.35,"u":"59,94 €/KG","img":"https://fd8-photos.leclercdrive.fr/image.ashx?id=2728846&use=l&cat=p&typeid=i","cat":284749},{"id":231370,"n":"Capsules café L'Or Espresso Ristretto N°11 x30","p":9.35,"u":"59,94 €/KG","img":"https://fd8-photos.leclercdrive.fr/image.ashx?id=2728843&use=l&cat=p&typeid=i","cat":284749},{"id":231371,"n":"Capsules café L'Or Espresso Forza N°9 x30","p":8.99,"u":"57,63 €/KG","img":"https://fd8-photos.leclercdrive.fr/image.ashx?id=3000468&use=l&cat=p&typeid=i","cat":284749},{"id":231372,"n":"Capsules café L'Or Espresso Delizioso N°5 x30","p":9.35,"u":"59,94 €/KG","img":"https://fd8-photos.leclercdrive.fr/image.ashx?id=2851345&use=l&cat=p&typeid=i","cat":284749},{"id":231401,"n":"Test de grossesse Clearblue x1","p":13.51,"img":"https://fd8-photos.leclercdrive.fr/image.ashx?id=2906862&use=l&cat=p&typeid=i","cat":324482},{"id":231403,"n":"Chips sel & vinaigre Pom'Lisse 135g","p":1.07,"u":"7,93 €/KG","img":"https://fd8-photos.leclercdrive.fr/image.ashx?id=2919670&use=l&cat=p&typeid=i","cat":284447},{"id":231404,"n":"Capsules café L'Or Espresso Decaffeinato N°6 x30","p":9.36,"u":"60,00 €/KG","img":"https://fd8-photos.leclercdrive.fr/image.ashx?id=2728834&use=l&cat=p&typeid=i","cat":284749},{"id":231439,"n":"Noix de Cajou Grillées Sun - 250g","p":5.04,"u":"20,16 €/KG","img":"https://fd8-photos.leclercdrive.fr/image.ashx?id=2728375&use=l&cat=p&typeid=i","cat":284357},{"id":231440,"n":"Pistaches grillées sans Sel Sun - 250g","p":6.29,"u":"25,16 €/KG","img":"https://fd8-photos.leclercdrive.fr/image.ashx?id=2728378&use=l&cat=p&typeid=i","cat":284357},{"id":231570,"n":"Badoit bulles de fruits rouges 1l","p":1.55,"u":"1,55 €/L","img":"https://fd8-photos.leclercdrive.fr/image.ashx?id=2964676&use=l&cat=p&typeid=i","cat":284536},{"id":231571,"n":"Badoit bulles de fruits  Exotiques - 1L","p":1.16,"u":"1,16 €/L","img":"https://fd8-photos.leclercdrive.fr/image.ashx?id=2753952&use=l&cat=p&typeid=i","cat":284536},{"id":231642,"n":"Déodorant spray Dove Original - 0% Alcool - 200 ml","p":4.15,"u":"20,75 €/L","img":"https://fd8-photos.leclercdrive.fr/image.ashx?id=2739462&use=l&cat=p&typeid=i","cat":284595},{"id":231658,"n":"Lessive liquide X-tra Total  4 en 1 propreté x85 - 3.825L","p":14.25,"u":"3,73 €/L","img":"https://fd8-photos.leclercdrive.fr/image.ashx?id=2740568&use=l&cat=p&typeid=i","cat":284640},{"id":231660,"n":"Lessive liquide Super Croix  X-tra Maroc x42 - 1.890L","p":10.86,"u":"5,75 €/L","img":"https://fd8-photos.leclercdrive.fr/image.ashx?id=2876275&use=l&cat=p&typeid=i","cat":284640},{"id":231690,"n":"Crème soin Mixa Cica réparatrice - 10en1 150ml","p":7.55,"u":"50,33 €/L","img":"https://fd8-photos.leclercdrive.fr/image.ashx?id=2819403&use=l&cat=p&typeid=i","cat":325350},{"id":231692,"n":"Crème corps Mixa Réparatrice - 150ml","p":3.39,"u":"22,60 €/L","img":"https://fd8-photos.leclercdrive.fr/image.ashx?id=2867557&use=l&cat=p&typeid=i","cat":325350},{"id":231694,"n":"Crème corps Mixa Réparatrice Peau sensibles  - 150ml","p":2.47,"u":"16,47 €/L","img":"https://fd8-photos.leclercdrive.fr/image.ashx?id=2892199&use=l&cat=p&typeid=i","cat":325350},{"id":231704,"n":"Lessive multi-usages St Marc  à la Résine de pin - 1,4kg","p":4.87,"u":"3,48 €/KG","img":"https://fd8-photos.leclercdrive.fr/image.ashx?id=2884645&use=l&cat=p&typeid=i","cat":325365},{"id":231707,"n":"Capsules lave-vaisselle Finish  Ultimate - x42","p":11.65,"u":"20,51 €/KG","img":"https://fd8-photos.leclercdrive.fr/image.ashx?id=2749443&use=l&cat=p&typeid=i","cat":284656},{"id":231708,"n":"Capsules lave-vaisselle Finish  Quantum - x46","p":11.59,"u":"24,25 €/KG","img":"https://fd8-photos.leclercdrive.fr/image.ashx?id=2749440&use=l&cat=p&typeid=i","cat":284656},{"id":231709,"n":"Capsules lave-vaisselle Finish Ultimate Plus Citron - x35","p":9.89,"u":"23,16 €/KG","img":"https://fd8-photos.leclercdrive.fr/image.ashx?id=2749437&use=l&cat=p&typeid=i","cat":284656},{"id":231710,"n":"Capsules lave-vaisselle Finish Ultimate Plus - x35","p":9.89,"u":"23,16 €/KG","img":"https://fd8-photos.leclercdrive.fr/image.ashx?id=2749434&use=l&cat=p&typeid=i","cat":284656},{"id":231714,"n":"Spray nettoyant Cillit Bang  Expert Anti-moisissures - 750ml","p":3.99,"u":"5,32 €/L","img":"https://fd8-photos.leclercdrive.fr/image.ashx?id=2790114&use=l&cat=p&typeid=i","cat":325357},{"id":231717,"n":"ST MARC Liquide Nettoyant Multi Usages Côtes Bretonnes - 1L","p":2.59,"u":"2,59 €/L","img":"https://fd8-photos.leclercdrive.fr/image.ashx?id=2859074&use=l&cat=p&typeid=i","cat":284907},{"id":231719,"n":"Lessive capsules Super Croix X-tra Bora Bora x28  - 336g","p":8.37,"u":"24,91 €/KG","img":"https://fd8-photos.leclercdrive.fr/image.ashx?id=2876284&use=l&cat=p&typeid=i","cat":284641},{"id":231731,"n":"Crème glacée L'Angélys Stracciatella chocolat - 300g","p":5.3,"u":"17,67 €/KG","img":"https://fd8-photos.leclercdrive.fr/image.ashx?id=2963769&use=l&cat=p&typeid=i","cat":284725},{"id":231923,"n":"Liquide vaisselle Maison Verte  Dégraissant, écologique - 500ml","p":1.31,"u":"2,62 €/L","img":"https://fd8-photos.leclercdrive.fr/image.ashx?id=2890619&use=l&cat=p&typeid=i","cat":284655},{"id":232022,"n":"Lessive capsules Super Croix  X-tra Japon x28 - 336g","p":7.72,"u":"22,98 €/KG","img":"https://fd8-photos.leclercdrive.fr/image.ashx?id=2876278&use=l&cat=p&typeid=i","cat":284641},{"id":232038,"n":"Dessert Fondant Mamie Nova Chocolat Menthe 2x150g","p":1.55,"u":"5,17 €/KG","img":"https://fd8-photos.leclercdrive.fr/image.ashx?id=2909032&use=l&cat=p&typeid=i","cat":285041},{"id":232115,"n":"Serviettes hygiéniques Always Ultra  Big pack maxi protection","p":5.05,"img":"https://fd8-photos.leclercdrive.fr/image.ashx?id=2846499&use=l&cat=p&typeid=i","cat":284624},{"id":232130,"n":"Lessive liquide Super Croix  X-tra Bora Bora x63 - 2.835L","p":14.15,"u":"4,99 €/L","img":"https://fd8-photos.leclercdrive.fr/image.ashx?id=2876269&use=l&cat=p&typeid=i","cat":284640},{"id":232136,"n":"Lessive poudre Le Chat  Sensitive x36 - 2.16kg","p":14.49,"u":"6,71 €/KG","img":"https://fd8-photos.leclercdrive.fr/image.ashx?id=2965031&use=l&cat=p&typeid=i","cat":284642},{"id":232145,"n":"Lessive liquide Mir Noir - 650ml - x13","p":4.95,"u":"7,62 €/L","img":"https://fd8-photos.leclercdrive.fr/image.ashx?id=2743043&use=l&cat=p&typeid=i","cat":284644},{"id":232150,"n":"Lessive liquide Mir Couleurs  Raviveur couleurs x27 - 1.35L","p":6.63,"u":"4,91 €/L","img":"https://fd8-photos.leclercdrive.fr/image.ashx?id=2744034&use=l&cat=p&typeid=i","cat":284644},{"id":232183,"n":"Liquide vaisselle Mir  Dégraissant citron - 450ml","p":1.59,"u":"3,53 €/L","img":"https://fd8-photos.leclercdrive.fr/image.ashx?id=2744028&use=l&cat=p&typeid=i","cat":284655},{"id":232186,"n":"Liquide vaisselle Mir  Dégraissant orange - 450ml","p":1.59,"u":"3,53 €/L","img":"https://fd8-photos.leclercdrive.fr/image.ashx?id=2874907&use=l&cat=p&typeid=i","cat":284655},{"id":232193,"n":"Liquide vaisselle Mir vinaigre Pamplemousse dégraissant -450ml","p":2.49,"u":"5,53 €/L","img":"https://fd8-photos.leclercdrive.fr/image.ashx?id=2889346&use=l&cat=p&typeid=i","cat":284655},{"id":232195,"n":"Liquide vaisselle Mir  Peau sensible aloe vera - 450ml","p":1.59,"u":"3,53 €/L","img":"https://fd8-photos.leclercdrive.fr/image.ashx?id=2874904&use=l&cat=p&typeid=i","cat":284655},{"id":232230,"n":"Crème visage Mixa Expert Anti-tâches SPF20 - 50ml","p":10.99,"u":"219,80 €/L","img":"https://fd8-photos.leclercdrive.fr/image.ashx?id=2770551&use=l&cat=p&typeid=i","cat":325345},{"id":232231,"n":"Nettoyant confort visage Mixa Anti-secheresse - 150ml","p":3.94,"u":"26,27 €/L","img":"https://fd8-photos.leclercdrive.fr/image.ashx?id=2744171&use=l&cat=p&typeid=i","cat":284603},{"id":232233,"n":"Gelée matifiante visage Mixa Anti-imperfections - 50ml","p":7.88,"u":"157,60 €/L","img":"https://fd8-photos.leclercdrive.fr/image.ashx?id=2770554&use=l&cat=p&typeid=i","cat":325345},{"id":232237,"n":"Nettoyant confort visage Mixa Anti-imperfection - 150ml","p":3.94,"u":"26,27 €/L","img":"https://fd8-photos.leclercdrive.fr/image.ashx?id=2744168&use=l&cat=p&typeid=i","cat":284603},{"id":232275,"n":"Bain de bouche Colgate Max Fraîcheur intense - 500ml","p":4.75,"u":"9,50 €/L","img":"https://fd8-photos.leclercdrive.fr/image.ashx?id=2745433&use=l&cat=p&typeid=i","cat":284613},{"id":232301,"n":"Dentifrice Signal Professionnel Sensibilité - Blancheur - 75ml","p":4.09,"u":"54,53 €/L","img":"https://fd8-photos.leclercdrive.fr/image.ashx?id=2858717&use=l&cat=p&typeid=i","cat":284612},{"id":232302,"n":"Dentifrice Signal Professionnel Soin complet - 75ml","p":3.14,"u":"41,87 €/L","img":"https://fd8-photos.leclercdrive.fr/image.ashx?id=2903878&use=l&cat=p&typeid=i","cat":284612},{"id":232309,"n":"Bloc WC Fresh Disc Canard Citron vert - 1x36ml","p":3.69,"img":"https://fd8-photos.leclercdrive.fr/image.ashx?id=2745769&use=l&cat=p&typeid=i","cat":284662},{"id":232312,"n":"Bain de bouche Sanogyl Soin complet+Blancheur - 500ml","p":4.04,"u":"8,08 €/L","img":"https://fd8-photos.leclercdrive.fr/image.ashx?id=2745706&use=l&cat=p&typeid=i","cat":284613},{"id":232318,"n":"Tablette lave-vaisselle Sun Tout-en-1 - x86 - 1.419kg","p":16.75,"u":"11,80 €/KG","img":"https://fd8-photos.leclercdrive.fr/image.ashx?id=3000899&use=l&cat=p&typeid=i","cat":284656},{"id":232319,"n":"Tablettes lave-vaisselle Sun Tout-en-1 - x24 -396g","p":6.15,"u":"15,53 €/KG","img":"https://fd8-photos.leclercdrive.fr/image.ashx?id=2760543&use=l&cat=p&typeid=i","cat":284656},{"id":232321,"n":"Lessive capsules Tout-en-1 Skip Soin complet - x24 - 506.4g","p":12.39,"u":"24,49 €/KG","img":"https://fd8-photos.leclercdrive.fr/image.ashx?id=2773931&use=l&cat=p&typeid=i","cat":284641},{"id":232341,"n":"Bloc WC Canard Fresh Disc Fraîcheur marine - 36ml","p":1.59,"img":"https://fd8-photos.leclercdrive.fr/image.ashx?id=2747691&use=l&cat=p&typeid=i","cat":284662},{"id":232345,"n":"Adoucissant Soupline concentré Utra Emotion Rose - 1.28L - x60","p":6.49,"u":"5,07 €/L","img":"https://fd8-photos.leclercdrive.fr/image.ashx?id=2832575&use=l&cat=p&typeid=i","cat":284650},{"id":232346,"n":"Tablettes Adoucissant Soupline Coeur Emotion Rose - x28 336g","p":6.31,"u":"18,78 €/KG","img":"https://fd8-photos.leclercdrive.fr/image.ashx?id=2745841&use=l&cat=p&typeid=i","cat":284650},{"id":232347,"n":"Perles de linge Soupline Coco - 230g","p":5.23,"u":"22,74 €/KG","img":"https://fd8-photos.leclercdrive.fr/image.ashx?id=2945829&use=l&cat=p&typeid=i","cat":325302},{"id":232348,"n":"Perles de linge Soupline Lavande - 230g","p":6.49,"u":"28,22 €/KG","img":"https://fd8-photos.leclercdrive.fr/image.ashx?id=2745835&use=l&cat=p&typeid=i","cat":325302},{"id":232349,"n":"Adoucissant Soupline Concentré Lavande Elixir - x45 1L","p":7.19,"u":"7,19 €/L","img":"https://fd8-photos.leclercdrive.fr/image.ashx?id=2745850&use=l&cat=p&typeid=i","cat":284650},{"id":232353,"n":"Désodorisant diffuseur Airwick  huile essentielle Vanille -20ml","p":7.8,"img":"https://fd8-photos.leclercdrive.fr/image.ashx?id=2963481&use=l&cat=p&typeid=i","cat":311629},{"id":232356,"n":"Gel douche Sanex Zéro Family - Pompe - 700ml","p":5.77,"u":"8,24 €/L","img":"https://fd8-photos.leclercdrive.fr/image.ashx?id=2745859&use=l&cat=p&typeid=i","cat":284594},{"id":232357,"n":"Recharge Gel douche Sanex Zéro - Peaux sensibles - 500ml","p":3.01,"u":"6,02 €/L","img":"https://fd8-photos.leclercdrive.fr/image.ashx?id=2745856&use=l&cat=p&typeid=i","cat":284594},{"id":232369,"n":"Bain de bouche Colgate Max Fresh Protection complète 500ml","p":3.25,"u":"6,50 €/L","img":"https://fd8-photos.leclercdrive.fr/image.ashx?id=2747178&use=l&cat=p&typeid=i","cat":284613},{"id":232371,"n":"Dentifrice enfant Elmex Anti-caries - 6-12 ans - 75ml","p":2.72,"u":"36,27 €/L","img":"https://fd8-photos.leclercdrive.fr/image.ashx?id=2747175&use=l&cat=p&typeid=i","cat":288898},{"id":232518,"n":"Pâtes Barilla Stelline - 500g","p":1.18,"u":"2,36 €/KG","img":"https://fd8-photos.leclercdrive.fr/image.ashx?id=2748662&use=l&cat=p&typeid=i","cat":284427},{"id":232519,"n":"Pâtes Barilla Risoni - 500g","p":1.29,"u":"2,58 €/KG","img":"https://fd8-photos.leclercdrive.fr/image.ashx?id=2748665&use=l&cat=p&typeid=i","cat":284427},{"id":232520,"n":"Pâtes Barilla Ditalini Rigati - 500g","p":1.29,"u":"2,58 €/KG","img":"https://fd8-photos.leclercdrive.fr/image.ashx?id=2748668&use=l&cat=p&typeid=i","cat":284427},{"id":232536,"n":"Lindahls Pro+ 6 Tranches - 120g","p":2.25,"u":"18,75 €/KG","img":"https://fd8-photos.leclercdrive.fr/image.ashx?id=2748308&use=l&cat=p&typeid=i","cat":314028},{"id":232642,"n":"Boisson énergisante Red Bull Goût Juneberry, 250ml","p":1.39,"u":"5,56 €/L","img":"https://fd8-photos.leclercdrive.fr/image.ashx?id=2748713&use=l&cat=p&typeid=i","cat":284533},{"id":232701,"n":"Thon au naturel Petit Navire  93g","p":1.8,"u":"19,35 €/KG","img":"https://fd8-photos.leclercdrive.fr/image.ashx?id=2748101&use=l&cat=p&typeid=i","cat":303867},{"id":232703,"n":"Miettes de thon Petit Navire à l'huile de tournesol 80g","p":1.2,"u":"15,00 €/KG","img":"https://fd8-photos.leclercdrive.fr/image.ashx?id=2748104&use=l&cat=p&typeid=i","cat":303867},{"id":232706,"n":"Miettes de thon Petit Navire à  la Sauce tomate 230g","p":2.89,"u":"12,57 €/KG","img":"https://fd8-photos.leclercdrive.fr/image.ashx?id=2748110&use=l&cat=p&typeid=i","cat":303867},{"id":232766,"n":"Pâte pressée Lindahls Pro+ 150g","p":2.17,"u":"14,47 €/KG","img":"https://fd8-photos.leclercdrive.fr/image.ashx?id=2748796&use=l&cat=p&typeid=i","cat":314034},{"id":232770,"n":"Skyr à boire Danone Vanille 270g","p":1.79,"u":"6,63 €/KG","img":"https://fd8-photos.leclercdrive.fr/image.ashx?id=2817332&use=l&cat=p&typeid=i","cat":284415},{"id":232773,"n":"Boisson lactée chocolatée  Nesquik Shake - 240ml","p":1.74,"u":"7,25 €/L","img":"https://fd8-photos.leclercdrive.fr/image.ashx?id=2749536&use=l&cat=p&typeid=i","cat":295246},{"id":232782,"n":"Sparadrap Mercurochrome Prévention ampoules - 2m x 5cm","p":1.98,"img":"https://fd8-photos.leclercdrive.fr/image.ashx?id=2785835&use=l&cat=p&typeid=i","cat":284630},{"id":232786,"n":"Solution Mercurochrome Antiseptique incolore - 100ml","p":5.08,"u":"50,80 €/L","img":"https://fd8-photos.leclercdrive.fr/image.ashx?id=2816853&use=l&cat=p&typeid=i","cat":284630},{"id":232839,"n":"Gel déboucheur Destop  Turbo 5 min - 4 doses - 1L","p":7.99,"u":"7,99 €/L","img":"https://fd8-photos.leclercdrive.fr/image.ashx?id=2976032&use=l&cat=p&typeid=i","cat":284908},{"id":232948,"n":"Crème dessert Danette Pop  Chocolat Noisette x4 - 472g","p":2.69,"u":"5,70 €/P","img":"https://fd8-photos.leclercdrive.fr/image.ashx?id=2935732&use=l&cat=p&typeid=i","cat":285041},{"id":232961,"n":"Gel douche Sanex Zéro% Sensitive Pompe - 700ml","p":5.67,"u":"8,10 €/L","img":"https://fd8-photos.leclercdrive.fr/image.ashx?id=2751384&use=l&cat=p&typeid=i","cat":284594},{"id":232963,"n":"Yaourt à boire Hipro+ Cafe latte - 345g","p":2.09,"u":"6,06 €/KG","img":"https://fd8-photos.leclercdrive.fr/image.ashx?id=2807450&use=l&cat=p&typeid=i","cat":284415},{"id":232964,"n":"Gel douche enfant Sanex Zéro % Pompe - 700ml","p":5.02,"u":"7,17 €/L","img":"https://fd8-photos.leclercdrive.fr/image.ashx?id=2751381&use=l&cat=p&typeid=i","cat":284594},{"id":232979,"n":"Bougie Glade Aromatherapy  Orange & Néroli - x1","p":7.19,"img":"https://fd8-photos.leclercdrive.fr/image.ashx?id=2867725&use=l&cat=p&typeid=i","cat":284666},{"id":232980,"n":"Bougie Glade Aromatherapy Lavande & bois de santal - x1","p":7.19,"img":"https://fd8-photos.leclercdrive.fr/image.ashx?id=2867722&use=l&cat=p&typeid=i","cat":284666},{"id":232982,"n":"Bougie Glade Vanille - 112g","p":3.99,"img":"https://fd8-photos.leclercdrive.fr/image.ashx?id=2751285&use=l&cat=p&typeid=i","cat":284666},{"id":232986,"n":"Bougie Glade Anti-tabac - 112g","p":2.94,"img":"https://fd8-photos.leclercdrive.fr/image.ashx?id=2751276&use=l&cat=p&typeid=i","cat":284666},{"id":232989,"n":"Spray nettoyant Cillit Bang  Expert Dégraissant - 750ml","p":3.5,"img":"https://fd8-photos.leclercdrive.fr/image.ashx?id=2751222&use=l&cat=p&typeid=i","cat":325357},{"id":232996,"n":"Lotion anti-poux Marie Rose Extra forte - 200ml","p":8.63,"u":"43,15 €/L","img":"https://fd8-photos.leclercdrive.fr/image.ashx?id=2751009&use=l&cat=p&typeid=i","cat":299654},{"id":233001,"n":"Gel Lubrifiant Durex Naturel Hydratant - 100ML","p":9.59,"u":"95,90 €/L","img":"https://fd8-photos.leclercdrive.fr/image.ashx?id=2962026&use=l&cat=p&typeid=i","cat":285160},{"id":233103,"n":"Dentifrice Sensodyne Soin blancheur - 2x75ml","p":7.43,"u":"49,53 €/L","img":"https://fd8-photos.leclercdrive.fr/image.ashx?id=2829928&use=l&cat=p&typeid=i","cat":284612},{"id":233104,"n":"Dentifrice Sensodyne Soin Gencives - 2x75ml","p":8.23,"u":"54,87 €/L","img":"https://fd8-photos.leclercdrive.fr/image.ashx?id=2829934&use=l&cat=p&typeid=i","cat":284612},{"id":233107,"n":"Gel douche Le Petit Marseillais Cerise & Jasmin -750ml","p":4.56,"u":"6,08 €/L","img":"https://fd8-photos.leclercdrive.fr/image.ashx?id=2752110&use=l&cat=p&typeid=i","cat":284594},{"id":233137,"n":"Masque cheveux Fructis Réparateur - Papaye - 320ml","p":5.8,"u":"18,13 €/L","img":"https://fd8-photos.leclercdrive.fr/image.ashx?id=2754036&use=l&cat=p&typeid=i","cat":284608},{"id":233151,"n":"Masque cheveux fructis Nourrissant - Banana - 320ml","p":5.82,"u":"18,19 €/L","img":"https://fd8-photos.leclercdrive.fr/image.ashx?id=2754042&use=l&cat=p&typeid=i","cat":284608},{"id":233154,"n":"Masque cheveux Fructis Hydratant - Aloe Vera - 320ml","p":5.82,"u":"18,19 €/L","img":"https://fd8-photos.leclercdrive.fr/image.ashx?id=2754048&use=l&cat=p&typeid=i","cat":284608},{"id":233155,"n":"Lait corps Mixa Céramide Protection - 400ml","p":6.96,"u":"0,02 €/M3","img":"https://fd8-photos.leclercdrive.fr/image.ashx?id=2754051&use=l&cat=p&typeid=i","cat":325349},{"id":233204,"n":"Guimauves Chocours Copains copines 600g","p":5.19,"u":"8,65 €/KG","img":"https://fd8-photos.leclercdrive.fr/image.ashx?id=2934778&use=l&cat=p&typeid=i","cat":304250},{"id":233297,"n":"Moule à cake 24cm - x1","p":10.0,"img":"https://fd8-photos.leclercdrive.fr/image.ashx?id=2816770&use=l&cat=p&typeid=i","cat":298490},{"id":233299,"n":"Plat à tarte 28cm - x1","p":12.0,"img":"https://fd8-photos.leclercdrive.fr/image.ashx?id=2816773&use=l&cat=p&typeid=i","cat":298490},{"id":233300,"n":"Plaque de cuisson 40x27cm - x1","p":18.0,"img":"https://fd8-photos.leclercdrive.fr/image.ashx?id=2816776&use=l&cat=p&typeid=i","cat":298490},{"id":233301,"n":"Plat à four Petit - 23x16cm - x1","p":19.0,"img":"https://fd8-photos.leclercdrive.fr/image.ashx?id=2816779&use=l&cat=p&typeid=i","cat":298490},{"id":233302,"n":"Plat à four Moyen - 30x21cm","p":29.0,"u":"29,00 €/PRT","img":"https://fd8-photos.leclercdrive.fr/image.ashx?id=2816782&use=l&cat=p&typeid=i","cat":298490},{"id":233303,"n":"Plat à four Grand - 38x26cm - x1","p":39.0,"img":"https://fd8-photos.leclercdrive.fr/image.ashx?id=2816785&use=l&cat=p&typeid=i","cat":298490},{"id":233305,"n":"Verre mesureur 1L - x1","p":15.0,"img":"https://fd8-photos.leclercdrive.fr/image.ashx?id=2816791&use=l&cat=p&typeid=i","cat":334135},{"id":233306,"n":"Moule à manqué 24cm - x1","p":19.0,"img":"https://fd8-photos.leclercdrive.fr/image.ashx?id=2816767&use=l&cat=p&typeid=i","cat":298490},{"id":233307,"n":"Cocotte avec couvercle 24cm - x1","p":99.0,"img":"https://fd8-photos.leclercdrive.fr/image.ashx?id=2816788&use=l&cat=p&typeid=i","cat":298490},{"id":233376,"n":"Yaourt nature Activia 0% Bifidus - 12x125g","p":4.32,"u":"2,88 €/KG","img":"https://fd8-photos.leclercdrive.fr/image.ashx?id=2755264&use=l&cat=p&typeid=i","cat":284409},{"id":233411,"n":"Mini pots Häagen-Dazs Lotus Biscoff Collection 324g","p":4.64,"u":"14,32 €/KG","img":"https://fd8-photos.leclercdrive.fr/image.ashx?id=2893474&use=l&cat=p&typeid=i","cat":284725},{"id":233473,"n":"Bière blonde Leffe Prestige 124 8,5% - 75cl","p":3.18,"pp":2.1,"u":"2,80 €/L","img":"https://fd8-photos.leclercdrive.fr/image.ashx?id=2755816&use=l&cat=p&typeid=i","cat":334852},{"id":233474,"n":"Bière blonde Leffe Prestige  8,5% - 12x25cl","p":13.39,"u":"4,46 €/L","img":"https://fd8-photos.leclercdrive.fr/image.ashx?id=2755819&use=l&cat=p&typeid=i","cat":334852},{"id":233480,"n":"Fromage à tartiner Madame Loïk 9x20g","p":2.99,"u":"16,61 €/KG","img":"https://fd8-photos.leclercdrive.fr/image.ashx?id=2945562&use=l&cat=p&typeid=i","cat":314029},{"id":233543,"n":"Salade façon Auvergnate Bonduelle 250g","p":2.76,"u":"11,04 €/KG","img":"https://fd8-photos.leclercdrive.fr/image.ashx?id=2894206&use=l&cat=p&typeid=i","cat":333657},{"id":233545,"n":"Salade façon savoyarde Bonduelle 250g","p":3.28,"u":"13,12 €/KG","img":"https://fd8-photos.leclercdrive.fr/image.ashx?id=2893624&use=l&cat=p&typeid=i","cat":333657},{"id":233623,"n":"Baume corps Le Petit Marseillais - Monoï - 380ml","p":7.69,"u":"20,24 €/L","img":"https://fd8-photos.leclercdrive.fr/image.ashx?id=2908171&use=l&cat=p&typeid=i","cat":325350},{"id":233624,"n":"Baume corps Le Petit Marseillais - Coco - 380ml","p":5.06,"u":"13,32 €/L","img":"https://fd8-photos.leclercdrive.fr/image.ashx?id=2758105&use=l&cat=p&typeid=i","cat":325350},{"id":233625,"n":"Gommage corps Le Petit Marseillais - Coco - 150ml","p":5.49,"u":"36,60 €/L","img":"https://fd8-photos.leclercdrive.fr/image.ashx?id=2758108&use=l&cat=p&typeid=i","cat":325375},{"id":233626,"n":"Spray démêlant Le Petit Marseillais Pamplemousse 200ml","p":4.19,"u":"20,95 €/L","img":"https://fd8-photos.leclercdrive.fr/image.ashx?id=2758099&use=l&cat=p&typeid=i","cat":284608},{"id":233627,"n":"Gel douche Le Petit Marseillais Verveine Bio & citron Bio 650ml","p":3.89,"u":"5,98 €/L","img":"https://fd8-photos.leclercdrive.fr/image.ashx?id=2758114&use=l&cat=p&typeid=i","cat":284594},{"id":233628,"n":"Gel douche Le Petit Marseillais Pin & Criste marine Bio 650ml","p":4.49,"u":"6,91 €/L","img":"https://fd8-photos.leclercdrive.fr/image.ashx?id=2758117&use=l&cat=p&typeid=i","cat":284594},{"id":233632,"n":"Shampooing Le Petit Marseillais Douceur & éclat - 300ml","p":2.35,"u":"7,83 €/MT","img":"https://fd8-photos.leclercdrive.fr/image.ashx?id=2758111&use=l&cat=p&typeid=i","cat":284606},{"id":233645,"n":"Café Soluble Starbucks Caramel Latte 5 sticks - 115g","p":2.99,"u":"26,00 €/KG","img":"https://fd8-photos.leclercdrive.fr/image.ashx?id=2766099&use=l&cat=p&typeid=i","cat":284843},{"id":233646,"n":"Café Soluble Starbucks White Mocha 5 sticks - 120g","p":2.52,"u":"21,00 €/KG","img":"https://fd8-photos.leclercdrive.fr/image.ashx?id=2758463&use=l&cat=p&typeid=i","cat":284843},{"id":233648,"n":"Capsules Starbucks by Nespresso  Blonde Décaféiné Int 6 - x10","p":3.16,"u":"0,32 €/P","img":"https://fd8-photos.leclercdrive.fr/image.ashx?id=2758469&use=l&cat=p&typeid=i","cat":284749},{"id":233729,"n":"Lessive liquide Skip Cycle  Court Efficacité Express x54","p":18.98,"u":"8,79 €/L","img":"https://fd8-photos.leclercdrive.fr/image.ashx?id=2843553&use=l&cat=p&typeid=i","cat":284640},{"id":233730,"n":"Lessive liquide Skip Cycle Court Couleur Protect x54","p":19.7,"u":"9,12 €/L","img":"https://fd8-photos.leclercdrive.fr/image.ashx?id=2842168&use=l&cat=p&typeid=i","cat":284640},{"id":233731,"n":"Lessive liquide Skip Cycle  Court Odeur Control x54","p":19.16,"u":"8,87 €/L","img":"https://fd8-photos.leclercdrive.fr/image.ashx?id=2788253&use=l&cat=p&typeid=i","cat":284640},{"id":233743,"n":"Bâtonnets glace Magnum chocolat blanc fruits rouges x3 - 196.5g","p":2.76,"u":"14,08 €/KG","img":"https://fd8-photos.leclercdrive.fr/image.ashx?id=2850288&use=l&cat=p&typeid=i","cat":284265},{"id":233744,"n":"Bâtonnets glace Magnum  Remix Amandes x3 - 198g","p":2.76,"u":"13,94 €/KG","img":"https://fd8-photos.leclercdrive.fr/image.ashx?id=2891758&use=l&cat=p&typeid=i","cat":284265},{"id":233746,"n":"Bâtonnets glace Ferrero Rondnoir x4 - 200g","p":3.36,"u":"16,80 €/KG","img":"https://fd8-photos.leclercdrive.fr/image.ashx?id=2807891&use=l&cat=p&typeid=i","cat":284265},{"id":233874,"n":"Boisson Alpro café avoine 750ml","p":2.0,"u":"2,67 €/L","img":"https://fd8-photos.leclercdrive.fr/image.ashx?id=2975416&use=l&cat=p&typeid=i","cat":313736},{"id":233875,"n":"Boisson Alpro café amande 750ml","p":2.01,"u":"2,68 €/L","img":"https://fd8-photos.leclercdrive.fr/image.ashx?id=2814181&use=l&cat=p&typeid=i","cat":313736},{"id":233886,"n":"Dosettes café Senseo Cappuccino x8","p":3.23,"u":"35,11 €/KG","img":"https://fd8-photos.leclercdrive.fr/image.ashx?id=2760187&use=l&cat=p&typeid=i","cat":293238},{"id":233920,"n":"Os Vitakraft Calcium Poulet  Pure Bonas","p":1.37,"img":"https://fd8-photos.leclercdrive.fr/image.ashx?id=2851255&use=l&cat=p&typeid=i","cat":294527},{"id":233946,"n":"Lessive capsules Omo Monoï - 3en1 - x29 - 502g","p":9.99,"u":"19,90 €/KG","img":"https://fd8-photos.leclercdrive.fr/image.ashx?id=2841607&use=l&cat=p&typeid=i","cat":284641},{"id":233947,"n":"Lessive capsules 3en1 Omo Rose & Lilas Blanc - 502g x29","p":6.49,"u":"12,93 €/KG","img":"https://fd8-photos.leclercdrive.fr/image.ashx?id=2841610&use=l&cat=p&typeid=i","cat":284641},{"id":233949,"n":"Lessive capsules 3en1 Omo Lavande & Patchouli - x29 502g","p":10.52,"u":"20,96 €/KG","img":"https://fd8-photos.leclercdrive.fr/image.ashx?id=2832599&use=l&cat=p&typeid=i","cat":284641},{"id":233950,"n":"Lessive capsules 3en1 Omo Jasmin fleur de coton 502g x29","p":6.49,"u":"12,93 €/KG","img":"https://fd8-photos.leclercdrive.fr/image.ashx?id=2841613&use=l&cat=p&typeid=i","cat":284641},{"id":233953,"n":"Lessive liquide Skip Cycle  Court Efficacité Express x37","p":8.09,"u":"5,47 €/L","img":"https://fd8-photos.leclercdrive.fr/image.ashx?id=2910240&use=l&cat=p&typeid=i","cat":284640},{"id":233955,"n":"Lessive liquide Skip Cycle Court Odeur Control x37","p":10.51,"u":"7,10 €/L","img":"https://fd8-photos.leclercdrive.fr/image.ashx?id=2927735&use=l&cat=p&typeid=i","cat":284640},{"id":233956,"n":"Lessive liquide Omo Rose & Lilas Blanc - 1.76L","p":10.12,"u":"5,74 €/L","img":"https://fd8-photos.leclercdrive.fr/image.ashx?id=2818208&use=l&cat=p&typeid=i","cat":284640},{"id":233961,"n":"Lessive liquide Omo Jasmin & Fleur de coton 1.764L x42","p":9.93,"u":"5,63 €/L","img":"https://fd8-photos.leclercdrive.fr/image.ashx?id=2841616&use=l&cat=p&typeid=i","cat":284640},{"id":233963,"n":"Lessive liquide Skip Cycle Court Couleur Protect x37","p":11.51,"u":"7,78 €/L","img":"https://fd8-photos.leclercdrive.fr/image.ashx?id=2910246&use=l&cat=p&typeid=i","cat":284640},{"id":233984,"n":"Nouilles instantanées Daisuki Curry Pirikara - 61g","p":1.41,"u":"23,11 €/KG","img":"https://fd8-photos.leclercdrive.fr/image.ashx?id=2762007&use=l&cat=p&typeid=i","cat":288992},{"id":233986,"n":"Cup udon Ippin Curry - 63g","p":2.32,"u":"36,83 €/KG","img":"https://fd8-photos.leclercdrive.fr/image.ashx?id=2762376&use=l&cat=p&typeid=i","cat":288992},{"id":234148,"n":"Shampooing Elsève Fibralogy Volume - 350ml","p":4.54,"u":"12,97 €/L","img":"https://fd8-photos.leclercdrive.fr/image.ashx?id=2828028&use=l&cat=p&typeid=i","cat":284606},{"id":234149,"n":"Crème de douche Cadum Hypoallergenic - 750ml","p":5.85,"u":"7,80 €/L","img":"https://fd8-photos.leclercdrive.fr/image.ashx?id=2802515&use=l&cat=p&typeid=i","cat":284594},{"id":234150,"n":"Crème de douche Cadum Douceur velours - 450ml","p":2.53,"u":"5,62 €/L","img":"https://fd8-photos.leclercdrive.fr/image.ashx?id=2802518&use=l&cat=p&typeid=i","cat":284594},{"id":234151,"n":"Déodorant bille Narta  Resixyl 72h - 50ml","p":3.79,"u":"75,80 €/L","img":"https://fd8-photos.leclercdrive.fr/image.ashx?id=2769017&use=l&cat=p&typeid=i","cat":284595},{"id":234152,"n":"Déodorant bille Ushuaïa Monoï & tiaré - 50ml","p":2.74,"u":"54,80 €/L","img":"https://fd8-photos.leclercdrive.fr/image.ashx?id=2769020&use=l&cat=p&typeid=i","cat":284595},{"id":234155,"n":"Déodorant bille femme Ushuaïa Grenade açores - 50ml","p":2.74,"u":"54,80 €/L","img":"https://fd8-photos.leclercdrive.fr/image.ashx?id=2789092&use=l&cat=p&typeid=i","cat":284595},{"id":234156,"n":"Déodorant bille Ushuaïa Vanille - 50ml","p":2.74,"u":"54,80 €/L","img":"https://fd8-photos.leclercdrive.fr/image.ashx?id=2769023&use=l&cat=p&typeid=i","cat":284595},{"id":234157,"n":"Déodorant spray Ushuaïa Grenade - 200ml","p":2.74,"u":"13,70 €/L","img":"https://fd8-photos.leclercdrive.fr/image.ashx?id=2769026&use=l&cat=p&typeid=i","cat":284595},{"id":234158,"n":"Déodorant spray Ushuaïa Orchidée - 200ml","p":2.74,"u":"13,70 €/L","img":"https://fd8-photos.leclercdrive.fr/image.ashx?id=2769029&use=l&cat=p&typeid=i","cat":284595},{"id":234159,"n":"Déodorant spray Ushuaïa Vanille - 200ml","p":2.74,"u":"13,70 €/L","img":"https://fd8-photos.leclercdrive.fr/image.ashx?id=2769032&use=l&cat=p&typeid=i","cat":284595},{"id":234163,"n":"Déodorant compressé Narta Resixyl Physio - 100ml","p":3.79,"u":"37,90 €/L","img":"https://fd8-photos.leclercdrive.fr/image.ashx?id=2778401&use=l&cat=p&typeid=i","cat":284595},{"id":234164,"n":"Déodorant compressé homme Narta Resixyl Physio - 100ml","p":3.79,"u":"37,90 €/L","img":"https://fd8-photos.leclercdrive.fr/image.ashx?id=2769041&use=l&cat=p&typeid=i","cat":284596},{"id":234166,"n":"Déodorant spray homme Narta Resixyl Physio - 200ml","p":5.39,"u":"26,95 €/L","img":"https://fd8-photos.leclercdrive.fr/image.ashx?id=2769044&use=l&cat=p&typeid=i","cat":284596},{"id":234168,"n":"Déodorant bille homme Narta Resixyl Physio - 50ml","p":3.79,"u":"75,80 €/L","img":"https://fd8-photos.leclercdrive.fr/image.ashx?id=2769035&use=l&cat=p&typeid=i","cat":284596},{"id":234267,"n":"Champagne EO demi-sec Demoiselle - 75cl","p":36.92,"u":"49,23 €/L","img":"https://fd8-photos.leclercdrive.fr/image.ashx?id=2763286&use=l&cat=p&typeid=i","cat":284542},{"id":234290,"n":"KINDER Surprise PLAYMOBIL Chocolat au lait - 3x20g","p":3.35,"u":"55,83 €/KG","img":"https://fd8-photos.leclercdrive.fr/image.ashx?id=2948495&use=l&cat=p&typeid=i","cat":284958},{"id":234291,"n":"KINDER Surprise Natoons Dino Chocolat au lait - 3x20g","p":3.65,"u":"60,83 €/KG","img":"https://fd8-photos.leclercdrive.fr/image.ashx?id=2940537&use=l&cat=p&typeid=i","cat":284958},{"id":234292,"n":"KINDER Surprise Licorne Chocolat au lait - 3x20g","p":3.65,"u":"60,83 €/KG","img":"https://fd8-photos.leclercdrive.fr/image.ashx?id=2883756&use=l&cat=p&typeid=i","cat":284958},{"id":234293,"n":"Le Pur bœuf Charal 18%MG Façon bouchère 8x100g","p":14.08,"u":"17,60 €/KG","img":"https://fd8-photos.leclercdrive.fr/image.ashx?id=2763205&use=l&cat=p&typeid=i","cat":319778},{"id":234333,"n":"Gourdes Pom'Potes Pomme poire banane x96 - 8.64kg","p":32.13,"u":"3,72 €/KG","img":"https://fd8-photos.leclercdrive.fr/image.ashx?id=2918553&use=l&cat=p&typeid=i","cat":284508},{"id":234350,"n":"Lentilles Vertes de France 1kg","p":3.79,"u":"3,79 €/KG","img":"https://fd8-photos.leclercdrive.fr/image.ashx?id=2763172&use=l&cat=p&typeid=i","cat":284430},{"id":234351,"n":"Lentilles Vertes d'Auvergne 500g","p":2.62,"u":"5,24 €/KG","img":"https://fd8-photos.leclercdrive.fr/image.ashx?id=2767329&use=l&cat=p&typeid=i","cat":284430},{"id":234370,"n":"Cornichons Croq'Vert  Amora Extra-fins aux épices 210g","p":2.01,"u":"9,57 €/KG","img":"https://fd8-photos.leclercdrive.fr/image.ashx?id=2770671&use=l&cat=p&typeid=i","cat":284458},{"id":234372,"n":"Dessert brassé végétal Andros Fruits exotiques - 6x100g","p":3.32,"u":"5,53 €/KG","img":"https://fd8-photos.leclercdrive.fr/image.ashx?id=2855981&use=l&cat=p&typeid=i","cat":316071},{"id":234373,"n":"Dessert brassé végétal Andros Fruits du Verger - 6x100g","p":2.35,"u":"3,92 €/KG","img":"https://fd8-photos.leclercdrive.fr/image.ashx?id=2855984&use=l&cat=p&typeid=i","cat":316071},{"id":234374,"n":"Dessert brassé végétal Andros Vanille Bourbon 6x100g","p":3.39,"u":"5,65 €/KG","img":"https://fd8-photos.leclercdrive.fr/image.ashx?id=2881957&use=l&cat=p&typeid=i","cat":316071},{"id":234375,"n":"Nouilles Tables du Monde Poulet - 3x65g","p":1.39,"u":"7,13 €/KG","img":"https://fd8-photos.leclercdrive.fr/image.ashx?id=2763045&use=l&cat=p&typeid=i","cat":288992},{"id":234378,"n":"Bâtonnets Magnum Wonder Chocolat blanc caramélisé 208g","p":2.41,"u":"11,59 €/KG","img":"https://fd8-photos.leclercdrive.fr/image.ashx?id=2764044&use=l&cat=p&typeid=i","cat":284265},{"id":234379,"n":"Bâtonnets Magnum Euphoria Pink limonade x3 - 208g","p":3.55,"u":"17,07 €/KG","img":"https://fd8-photos.leclercdrive.fr/image.ashx?id=2788121&use=l&cat=p&typeid=i","cat":284265},{"id":234511,"n":"Thé noir Yellow Label Lipton Bio - x25 - 50g","p":2.25,"u":"45,00 €/KG","img":"https://fd8-photos.leclercdrive.fr/image.ashx?id=2938827&use=l&cat=p&typeid=i","cat":293233},{"id":234520,"n":"Boisson tropical Jafun 1.5L","p":1.59,"u":"1,06 €/L","img":"https://fd8-photos.leclercdrive.fr/image.ashx?id=2913766&use=l&cat=p&typeid=i","cat":295018},{"id":234521,"n":"Boisson Jafun Pomme cassis framboise 1L","p":1.35,"u":"1,35 €/L","img":"https://fd8-photos.leclercdrive.fr/image.ashx?id=2764745&use=l&cat=p&typeid=i","cat":295018},{"id":234523,"n":"Thé noir en vrac Lipton Fruits rouges à la fraise 150g","p":6.09,"u":"40,60 €/KG","img":"https://fd8-photos.leclercdrive.fr/image.ashx?id=2769146&use=l&cat=p&typeid=i","cat":293233},{"id":234597,"n":"Glaces Twister Mini Tropical 8 bâtonnets - 348g","p":3.99,"u":"11,47 €/KG","img":"https://fd8-photos.leclercdrive.fr/image.ashx?id=3009317&use=l&cat=p&typeid=i","cat":285250},{"id":234598,"n":"Glaces Twister Mini Ananas Fraise Citron 8 bâtonnets 312g","p":3.99,"u":"12,79 €/KG","img":"https://fd8-photos.leclercdrive.fr/image.ashx?id=3009281&use=l&cat=p&typeid=i","cat":285250},{"id":234601,"n":"Plateau de crevettes cocktail L'Atelier Poissonnerie - 130g","p":4.69,"u":"36,08 €/KG","img":"https://fd8-photos.leclercdrive.fr/image.ashx?id=2917903&use=l&cat=p&typeid=i","cat":284343},{"id":234602,"n":"Whisky Fondaudège Grand Cru 40° 70cl","p":33.53,"u":"47,90 €/L","img":"https://fd8-photos.leclercdrive.fr/image.ashx?id=2966755&use=l&cat=p&typeid=i","cat":284547},{"id":234702,"n":"Marjolaine Ducros 10g","p":0.84,"u":"84,00 €/KG","img":"https://fd8-photos.leclercdrive.fr/image.ashx?id=2767087&use=l&cat=p&typeid=i","cat":298297},{"id":234706,"n":"Piment de Cayenne entier  Ducros - 11g","p":1.26,"u":"114,55 €/KG","img":"https://fd8-photos.leclercdrive.fr/image.ashx?id=2767096&use=l&cat=p&typeid=i","cat":298297},{"id":234745,"n":"Thon entier Rio Mare  filet d'huile d'olive - 120g","p":2.76,"u":"23,00 €/KG","img":"https://fd8-photos.leclercdrive.fr/image.ashx?id=2767240&use=l&cat=p&typeid=i","cat":303867},{"id":234751,"n":"Déodorant bille Rexona Men Invisible Ice Fresh - 2x50ml","p":6.32,"u":"63,20 €/L","img":"https://fd8-photos.leclercdrive.fr/image.ashx?id=2767030&use=l&cat=p&typeid=i","cat":284618},{"id":234758,"n":"Déodorant spray Rexona Invisible Aqua - 2x100ml","p":5.1,"u":"25,50 €/L","img":"https://fd8-photos.leclercdrive.fr/image.ashx?id=2944506&use=l&cat=p&typeid=i","cat":284595},{"id":234860,"n":"Fromage Mini Caprice Des Dieux Filet de 4 Portions - 200g","p":3.65,"u":"18,25 €/KG","img":"https://fd8-photos.leclercdrive.fr/image.ashx?id=2768933&use=l&cat=p&typeid=i","cat":314033},{"id":234861,"n":"Jus de pomme pêche poire  Jafaden - 90cl","p":2.26,"u":"2,51 €/L","img":"https://fd8-photos.leclercdrive.fr/image.ashx?id=2916731&use=l&cat=p&typeid=i","cat":285435},{"id":234867,"n":"Mini nems au porc Tables du Monde x8 - 240g","p":2.82,"u":"11,75 €/KG","img":"https://fd8-photos.leclercdrive.fr/image.ashx?id=2768487&use=l&cat=p&typeid=i","cat":319774},{"id":234869,"n":"Gâteau moelleux Chocalin Harrys Cacao et Chocolat X10 - 350G","p":3.15,"u":"9,00 €/KG","img":"https://fd8-photos.leclercdrive.fr/image.ashx?id=2962464&use=l&cat=p&typeid=i","cat":284495},{"id":234870,"n":"Gâteaux Choco Mousse Harrys Fourrés au chocolat  X8 - 280G","p":2.56,"u":"9,14 €/KG","img":"https://fd8-photos.leclercdrive.fr/image.ashx?id=2985069&use=l&cat=p&typeid=i","cat":284495},{"id":234875,"n":"Purée de tomates Heinz x 3 - 212g","p":2.09,"u":"3,29 €/KG","img":"https://fd8-photos.leclercdrive.fr/image.ashx?id=2927004&use=l&cat=p&typeid=i","cat":288384},{"id":234876,"n":"Purée de tomates Heinz - 520g","p":1.22,"u":"2,35 €/KG","img":"https://fd8-photos.leclercdrive.fr/image.ashx?id=2926999&use=l&cat=p&typeid=i","cat":288384},{"id":234947,"n":"Filets de thon Rio Mare Huile d'Olive & Gingembre -130g","p":3.33,"u":"25,62 €/KG","img":"https://fd8-photos.leclercdrive.fr/image.ashx?id=2770915&use=l&cat=p&typeid=i","cat":303867},{"id":234961,"n":"Ampoule Led Osram B22D 4,9W - x3","p":6.03,"img":"https://fd8-photos.leclercdrive.fr/image.ashx?id=2770837&use=l&cat=p&typeid=i","cat":300573},{"id":234962,"n":"Ampoule Led Osram E14 4.9W - x3","p":6.66,"u":"Dont 0,86 € d'éco-part.","img":"https://fd8-photos.leclercdrive.fr/image.ashx?id=2770840&use=l&cat=p&typeid=i","cat":300573},{"id":234981,"n":"Bière ambrée Pietra Brewery  6.0%vol - 12x25cl","p":15.85,"u":"5,28 €/L","img":"https://fd8-photos.leclercdrive.fr/image.ashx?id=2771223&use=l&cat=p&typeid=i","cat":334872},{"id":235007,"n":"Mais Bio Village  2x140g","p":1.49,"u":"5,32 €/KG","img":"https://fd8-photos.leclercdrive.fr/image.ashx?id=3002722&use=l&cat=p&typeid=i","cat":312611},{"id":235068,"n":"Repas bébé Blédichef 15 mois Lasagne bolognaise -230g","p":2.37,"u":"10,30 €/KG","img":"https://fd8-photos.leclercdrive.fr/image.ashx?id=2975098&use=l&cat=p&typeid=i","cat":312238},{"id":235071,"n":"Aubergines compotées & blé  Cassegrain - 375g","p":3.28,"u":"8,75 €/KG","img":"https://fd8-photos.leclercdrive.fr/image.ashx?id=2970840&use=l&cat=p&typeid=i","cat":312612},{"id":235073,"n":"Repas bébé Blédichef 15 mois  Brocolis petits pois  -230g","p":2.17,"u":"10,85 €/KG","img":"https://fd8-photos.leclercdrive.fr/image.ashx?id=2773219&use=l&cat=p&typeid=i","cat":312238},{"id":235078,"n":"Repas bébé Blédichef 15 mois Carottes lentilles corail -200g","p":2.17,"u":"10,85 €/KG","img":"https://fd8-photos.leclercdrive.fr/image.ashx?id=2866304&use=l&cat=p&typeid=i","cat":312238},{"id":235079,"n":"Lait infantile Hipp Biologique Bio Dès 6 mois Combiotic  800g","p":13.6,"u":"17,00 €/KG","img":"https://fd8-photos.leclercdrive.fr/image.ashx?id=2926828&use=l&cat=p&typeid=i","cat":284727},{"id":235081,"n":"Plat cuisiné William Saurin Trio gourmand boeuf - 320g","p":3.78,"u":"11,81 €/KG","img":"https://fd8-photos.leclercdrive.fr/image.ashx?id=2986386&use=l&cat=p&typeid=i","cat":284953},{"id":235083,"n":"Plat cuisiné William Saurin Trio gourmand poulet pesto 320g","p":3.0,"u":"9,38 €/KG","img":"https://fd8-photos.leclercdrive.fr/image.ashx?id=2986383&use=l&cat=p&typeid=i","cat":284953},{"id":235121,"n":"Morceaux de thon Petit Navire Au naturel - 3x112g","p":5.39,"u":"16,04 €/KG","img":"https://fd8-photos.leclercdrive.fr/image.ashx?id=2887488&use=l&cat=p&typeid=i","cat":303867},{"id":235127,"n":"Biscuits parmesan poivre Savour 100g","p":1.85,"u":"18,50 €/KG","img":"https://fd8-photos.leclercdrive.fr/image.ashx?id=2791048&use=l&cat=p&typeid=i","cat":297000},{"id":235134,"n":"Ampoule LED Philips E27 60W","p":12.82,"u":"Dont 0,29 € d'éco-part.","img":"https://fd8-photos.leclercdrive.fr/image.ashx?id=2775059&use=l&cat=p&typeid=i","cat":300573},{"id":235136,"n":"Ampoule LED flamme Philips B35 40W","p":3.85,"u":"Dont 0,29 € d'éco-part.","img":"https://fd8-photos.leclercdrive.fr/image.ashx?id=2776235&use=l&cat=p&typeid=i","cat":300573},{"id":235240,"n":"Pâte à tartiner Andros Be Nut's Beurre cacahuète crémeux - 525g","p":4.99,"u":"9,50 €/KG","img":"https://fd8-photos.leclercdrive.fr/image.ashx?id=2985357&use=l&cat=p&typeid=i","cat":284481},{"id":235247,"n":"M&M's Peanut x5 180g","p":2.05,"u":"11,39 €/KG","img":"https://fd8-photos.leclercdrive.fr/image.ashx?id=3009011&use=l&cat=p&typeid=i","cat":304238},{"id":235260,"n":"Pâte Lotus Biscoff Speculoos Creamy - 410g","p":3.79,"u":"9,24 €/KG","img":"https://fd8-photos.leclercdrive.fr/image.ashx?id=2776208&use=l&cat=p&typeid=i","cat":284481},{"id":235264,"n":"Céréales Trésor cookie & cream Kellogg's - 375g","p":3.38,"u":"9,01 €/KG","img":"https://fd8-photos.leclercdrive.fr/image.ashx?id=2862886&use=l&cat=p&typeid=i","cat":309513},{"id":235349,"n":"Sucre glace Daddy 500g","p":1.79,"u":"3,58 €/KG","img":"https://fd8-photos.leclercdrive.fr/image.ashx?id=2975864&use=l&cat=p&typeid=i","cat":284502},{"id":235350,"n":"Apéritif Apérol 70cl","p":12.55,"u":"17,93 €/L","img":"https://fd8-photos.leclercdrive.fr/image.ashx?id=2812022&use=l&cat=p&typeid=i","cat":286032},{"id":235364,"n":"Friandises chat Whiskas  Poulet et fromage - 60g","p":0.97,"u":"16,17 €/KG","img":"https://fd8-photos.leclercdrive.fr/image.ashx?id=2976851&use=l&cat=p&typeid=i","cat":285285},{"id":235404,"n":"Lait éveil croissance Lactel  système immunitaire - 6x1L","p":14.95,"u":"2,49 €/L","img":"https://fd8-photos.leclercdrive.fr/image.ashx?id=2776531&use=l&cat=p&typeid=i","cat":284728},{"id":235405,"n":"Friandises chat temptations Whiskas saveur saumon - 60g","p":0.99,"u":"16,50 €/KG","img":"https://fd8-photos.leclercdrive.fr/image.ashx?id=2976854&use=l&cat=p&typeid=i","cat":285285},{"id":235414,"n":"Lait en poudre Modilac Actigest LF+1 Bébé 0-6 mois - 800g","p":22.85,"u":"28,56 €/KG","img":"https://fd8-photos.leclercdrive.fr/image.ashx?id=2981184&use=l&cat=p&typeid=i","cat":284726},{"id":235459,"n":"Goûter moelleux Tendrissime Cacao Noisette x8 - 264g","p":3.06,"u":"11,59 €/KG","img":"https://fd8-photos.leclercdrive.fr/image.ashx?id=2962461&use=l&cat=p&typeid=i","cat":284495},{"id":235542,"n":"Dentifrice enfant Signal Arôme fruité - 0-6 mois 2x75ml","p":5.48,"u":"36,53 €/L","img":"https://fd8-photos.leclercdrive.fr/image.ashx?id=2779106&use=l&cat=p&typeid=i","cat":288898},{"id":235547,"n":"Bière blonde IPA Brooklyn Pulp Art 6° - 50cl canette","p":2.45,"u":"4,90 €/L","img":"https://fd8-photos.leclercdrive.fr/image.ashx?id=2779390&use=l&cat=p&typeid=i","cat":334853},{"id":235636,"n":"Capsules lave-vaisselle Finish Quantum Citron - x46 - 478g","p":11.59,"u":"24,25 €/KG","img":"https://fd8-photos.leclercdrive.fr/image.ashx?id=2780493&use=l&cat=p&typeid=i","cat":284656},{"id":235638,"n":"Nettoyant lave-vaisselle Finish Intégral - Citron - 250ml","p":5.48,"u":"21,92 €/L","img":"https://fd8-photos.leclercdrive.fr/image.ashx?id=2780586&use=l&cat=p&typeid=i","cat":284657},{"id":235655,"n":"Cassonade Saint Louis Equitable - 650g","p":2.65,"u":"4,08 €/KG","img":"https://fd8-photos.leclercdrive.fr/image.ashx?id=2780214&use=l&cat=p&typeid=i","cat":284502},{"id":235685,"n":"Lait bébé en poudre Calisma Gallia Croissance 12 mois 830g","p":10.87,"u":"13,10 €/KG","img":"https://fd8-photos.leclercdrive.fr/image.ashx?id=2794274&use=l&cat=p&typeid=i","cat":290219},{"id":235710,"n":"Chapelure Tablier Blanc 400g","p":0.88,"u":"2,20 €/KG","img":"https://fd8-photos.leclercdrive.fr/image.ashx?id=2793335&use=l&cat=p&typeid=i","cat":288382},{"id":235786,"n":"Tablette lave-vaisselle Visior Tout-en-un - x45 - 765g","p":5.27,"u":"6,89 €/KG","img":"https://fd8-photos.leclercdrive.fr/image.ashx?id=2954902&use=l&cat=p&typeid=i","cat":284656},{"id":235791,"n":"Lames de rasoir homme Gillette ProGlide - x4","p":22.03,"img":"https://fd8-photos.leclercdrive.fr/image.ashx?id=2781684&use=l&cat=p&typeid=i","cat":284616},{"id":235793,"n":"Dentifrice Junior Signal Menthe douce - 6-13 ans 75ml","p":3.09,"u":"41,20 €/L","img":"https://fd8-photos.leclercdrive.fr/image.ashx?id=2993502&use=l&cat=p&typeid=i","cat":288898},{"id":235796,"n":"Mouliné de légumes verts Régal 1L","p":1.88,"u":"1,88 €/L","img":"https://fd8-photos.leclercdrive.fr/image.ashx?id=2781007&use=l&cat=p&typeid=i","cat":284462},{"id":235838,"n":"Lessive capsules Skip Tout en 1 Odeur Control+ - 759.6g x36","p":16.99,"u":"22,36 €/KG","img":"https://fd8-photos.leclercdrive.fr/image.ashx?id=3000893&use=l&cat=p&typeid=i","cat":284641},{"id":235841,"n":"Lessive capsules Tout-en-1 Skip Skip - 506.4g x24","p":12.39,"u":"24,49 €/KG","img":"https://fd8-photos.leclercdrive.fr/image.ashx?id=2781756&use=l&cat=p&typeid=i","cat":284641},{"id":235870,"n":"Chocolat Côte d'Or selection 187g","p":9.95,"u":"53,21 €/KG","img":"https://fd8-photos.leclercdrive.fr/image.ashx?id=2916453&use=l&cat=p&typeid=i","cat":327595},{"id":235914,"n":"Aubergines Cuisinées Cassegrain A la Provençale 3x375g","p":9.44,"u":"8,39 €/KG","img":"https://fd8-photos.leclercdrive.fr/image.ashx?id=2926305&use=l&cat=p&typeid=i","cat":312612},{"id":235951,"n":"Frite classique Mc Cain Air Fryer - 600g","p":2.83,"u":"4,72 €/KG","img":"https://fd8-photos.leclercdrive.fr/image.ashx?id=2973345&use=l&cat=p&typeid=i","cat":319791},{"id":236050,"n":"Lait bébé en poudre Calisma Gallia Junior Dès 18 mois 830g","p":10.95,"u":"13,19 €/KG","img":"https://fd8-photos.leclercdrive.fr/image.ashx?id=2907860&use=l&cat=p&typeid=i","cat":290219},{"id":236096,"n":"Fromage Fouetté Saint Agur  130g","p":2.44,"u":"18,77 €/KG","img":"https://fd8-photos.leclercdrive.fr/image.ashx?id=2784818&use=l&cat=p&typeid=i","cat":314029},{"id":236121,"n":"Compote Andros La vie en orange 4x100g","p":1.48,"u":"3,70 €/KG","img":"https://fd8-photos.leclercdrive.fr/image.ashx?id=2990760&use=l&cat=p&typeid=i","cat":284416},{"id":236221,"n":"Brioche tressée Epi d'or nature - 600g","p":2.09,"u":"3,48 €/KG","img":"https://fd8-photos.leclercdrive.fr/image.ashx?id=2976297&use=l&cat=p&typeid=i","cat":284478},{"id":236231,"n":"Boisson énergisante Crazy Tiger Pomme - 1L","p":1.74,"u":"1,74 €/L","img":"https://fd8-photos.leclercdrive.fr/image.ashx?id=2792729&use=l&cat=p&typeid=i","cat":284533},{"id":236263,"n":"Clémentines Panier du Primeur 1.5kg","p":2.99,"u":"1,99 €/KG","img":"https://fd8-photos.leclercdrive.fr/image.ashx?id=2784606&use=l&cat=p&typeid=i","cat":284356},{"id":236266,"n":"Boisson Monster Energy zero Ultra peachy keen - 50cl","p":1.69,"u":"3,38 €/L","img":"https://fd8-photos.leclercdrive.fr/image.ashx?id=2789116&use=l&cat=p&typeid=i","cat":284533},{"id":236397,"n":"Franui Framboise  chocolat au lait - 150g","p":4.39,"u":"29,27 €/KG","img":"https://fd8-photos.leclercdrive.fr/image.ashx?id=3003441&use=l&cat=p&typeid=i","cat":284266},{"id":236398,"n":"Franui Framboise  chocolat noir - 150g","p":4.39,"u":"29,27 €/KG","img":"https://fd8-photos.leclercdrive.fr/image.ashx?id=3005371&use=l&cat=p&typeid=i","cat":284266},{"id":236427,"n":"Pain aux graines Gerblé 200g","p":1.89,"u":"9,45 €/KG","img":"https://fd8-photos.leclercdrive.fr/image.ashx?id=2791482&use=l&cat=p&typeid=i","cat":318651},{"id":236433,"n":"Haché moelleux Férial 600g","p":6.55,"u":"10,92 €/KG","img":"https://fd8-photos.leclercdrive.fr/image.ashx?id=2789700&use=l&cat=p&typeid=i","cat":319779},{"id":236595,"n":"Fromage rapé Leerdammer  Fruité fondant 150g","p":2.64,"u":"17,60 €/KG","img":"https://fd8-photos.leclercdrive.fr/image.ashx?id=2793578&use=l&cat=p&typeid=i","cat":314035},{"id":236622,"n":"Calendrier de l'Avent MC and CO Pat'Patrouille - 280g","p":7.74,"u":"27,64 €/KG","img":"https://fd8-photos.leclercdrive.fr/image.ashx?id=2794664&use=l&cat=p&typeid=i","cat":284958},{"id":236651,"n":"Calendrier de L'Avent MC and CO + 1 jouet Minions - 150g","p":6.68,"u":"44,53 €/KG","img":"https://fd8-photos.leclercdrive.fr/image.ashx?id=2794682&use=l&cat=p&typeid=i","cat":284958},{"id":236654,"n":"Calendrier de L'Avent MC and CO + 1 jouet Miraculous - 150g","p":6.49,"u":"43,27 €/KG","img":"https://fd8-photos.leclercdrive.fr/image.ashx?id=2794685&use=l&cat=p&typeid=i","cat":284958},{"id":236674,"n":"Barres Chocolatées DUPLO  Chocolat Blanc x10 - 182g","p":4.56,"u":"25,05 €/KG","img":"https://fd8-photos.leclercdrive.fr/image.ashx?id=2794607&use=l&cat=p&typeid=i","cat":284498},{"id":236687,"n":"Papier cadeau Disney La Reine des Neiges - 5mx1m","p":6.13,"img":"https://fd8-photos.leclercdrive.fr/image.ashx?id=2795577&use=l&cat=p&typeid=i","cat":335914},{"id":236688,"n":"Papier cadeau Disney Minnie et Mickey - Vert - 5mx1m","p":6.13,"img":"https://fd8-photos.leclercdrive.fr/image.ashx?id=2795580&use=l&cat=p&typeid=i","cat":335914},{"id":236690,"n":"Papier cadeau Disney Reine des neiges - Bleu 5mx70cm","p":1.87,"img":"https://fd8-photos.leclercdrive.fr/image.ashx?id=2795586&use=l&cat=p&typeid=i","cat":335914},{"id":236691,"n":"Papier cadeau Disney Minnie & Mickey - Noël 5mx70cm","p":1.87,"img":"https://fd8-photos.leclercdrive.fr/image.ashx?id=2795589&use=l&cat=p&typeid=i","cat":335914},{"id":236692,"n":"Papier cadeau Disney Stitch - Noël 5mx70cm","p":1.87,"img":"https://fd8-photos.leclercdrive.fr/image.ashx?id=2795592&use=l&cat=p&typeid=i","cat":335914},{"id":236732,"n":"Traîneau chocolat oeuf Kinder Orange - 75g","p":3.5,"u":"46,67 €/KG","img":"https://fd8-photos.leclercdrive.fr/image.ashx?id=2798840&use=l&cat=p&typeid=i","cat":327592},{"id":237047,"n":"Moulage Kinder Caramel - 110g","p":3.69,"u":"33,55 €/KG","img":"https://fd8-photos.leclercdrive.fr/image.ashx?id=2797013&use=l&cat=p&typeid=i","cat":327592},{"id":237120,"n":"Père Noël Milka Party mix - 61g","p":3.79,"u":"62,13 €/KG","img":"https://fd8-photos.leclercdrive.fr/image.ashx?id=2796998&use=l&cat=p&typeid=i","cat":327592},{"id":237131,"n":"Boîte chocolat Lanvin Assortiment chocolat Lait 274g","p":16.09,"u":"58,72 €/KG","img":"https://fd8-photos.leclercdrive.fr/image.ashx?id=2797139&use=l&cat=p&typeid=i","cat":327595},{"id":237132,"n":"L'escargot chocolat Lanvin Trio Lait Blanc Noir - 362g","p":17.39,"u":"48,04 €/KG","img":"https://fd8-photos.leclercdrive.fr/image.ashx?id=2966146&use=l&cat=p&typeid=i","cat":327595},{"id":237133,"n":"L'escargot Lanvin Chocolat Blanc - 362g","p":12.26,"u":"33,87 €/KG","img":"https://fd8-photos.leclercdrive.fr/image.ashx?id=2897402&use=l&cat=p&typeid=i","cat":327595},{"id":237140,"n":"L'escargot trio Lanvin Lait Amande Caramel - 362g","p":17.39,"u":"48,04 €/KG","img":"https://fd8-photos.leclercdrive.fr/image.ashx?id=2897405&use=l&cat=p&typeid=i","cat":327595},{"id":237148,"n":"Papillotes Révillon Pétard Lait blanc - 300g","p":8.75,"u":"29,17 €/KG","img":"https://fd8-photos.leclercdrive.fr/image.ashx?id=2798036&use=l&cat=p&typeid=i","cat":327597},{"id":237157,"n":"Boîte chocolat Révillon Grand Assortiment Noir 70% Lait 404g","p":17.99,"u":"44,53 €/KG","img":"https://fd8-photos.leclercdrive.fr/image.ashx?id=2900794&use=l&cat=p&typeid=i","cat":327595},{"id":237158,"n":"Boîte chocolat Révillon Noir 70% Lait Blanc - 409g","p":17.99,"u":"43,99 €/KG","img":"https://fd8-photos.leclercdrive.fr/image.ashx?id=2900797&use=l&cat=p&typeid=i","cat":327595},{"id":237159,"n":"Boîte chocolat Révillon Grand Assortiment Noir 70% - 409g","p":17.99,"u":"43,99 €/KG","img":"https://fd8-photos.leclercdrive.fr/image.ashx?id=2900791&use=l&cat=p&typeid=i","cat":327595},{"id":237160,"n":"Boîte chocolat Révillon Alcool Noir 70% Lait Blanc - 420g","p":17.99,"u":"42,83 €/KG","img":"https://fd8-photos.leclercdrive.fr/image.ashx?id=2900800&use=l&cat=p&typeid=i","cat":327595},{"id":237851,"n":"Mini Flam's Coté table x12 - 360g","p":5.99,"u":"16,64 €/KG","img":"https://fd8-photos.leclercdrive.fr/image.ashx?id=2801282&use=l&cat=p&typeid=i","cat":319774},{"id":237949,"n":"Pâtes Barilla Penne Rigate Al Bronzo - 500g","p":1.58,"u":"3,16 €/KG","img":"https://fd8-photos.leclercdrive.fr/image.ashx?id=2798677&use=l&cat=p&typeid=i","cat":284427},{"id":237950,"n":"Pâtes Barilla Linguine  Al Bronzo - 500g","p":1.58,"u":"3,16 €/KG","img":"https://fd8-photos.leclercdrive.fr/image.ashx?id=2798683&use=l&cat=p&typeid=i","cat":284427},{"id":238012,"n":"Papier cadeau Harry Potter 1 pièce","p":1.59,"img":"https://fd8-photos.leclercdrive.fr/image.ashx?id=2818064&use=l&cat=p&typeid=i","cat":335914},{"id":238056,"n":"Pâtes Barilla Spaghettoni  Al Bronzo - 500g","p":2.0,"u":"4,00 €/KG","img":"https://fd8-photos.leclercdrive.fr/image.ashx?id=2798686&use=l&cat=p&typeid=i","cat":284427},{"id":238174,"n":"Nettoyant concentré Mixa Hydratant Lot de 2 - 2x15cl","p":8.71,"u":"29,03 €/L","img":"https://fd8-photos.leclercdrive.fr/image.ashx?id=2919763&use=l&cat=p&typeid=i","cat":284603},{"id":238313,"n":"Nouilles Tables du Monde Curry - 3x65g","p":1.39,"u":"7,13 €/KG","img":"https://fd8-photos.leclercdrive.fr/image.ashx?id=2799850&use=l&cat=p&typeid=i","cat":288992},{"id":238367,"n":"Papier cadeau Naruto 1 pièce","p":0.73,"img":"https://fd8-photos.leclercdrive.fr/image.ashx?id=2854642&use=l&cat=p&typeid=i","cat":335914},{"id":238377,"n":"Mousse à raser Wilkinson 200ml","p":2.95,"u":"14,75 €/L","img":"https://fd8-photos.leclercdrive.fr/image.ashx?id=2801252&use=l&cat=p&typeid=i","cat":284617},{"id":238378,"n":"Gel à raser Wilkinson 200ml","p":3.05,"u":"15,25 €/L","img":"https://fd8-photos.leclercdrive.fr/image.ashx?id=2801255&use=l&cat=p&typeid=i","cat":284617},{"id":238379,"n":"Mousse à raser mini Wilkinson 75ml","p":2.5,"u":"33,33 €/L","img":"https://fd8-photos.leclercdrive.fr/image.ashx?id=2895008&use=l&cat=p&typeid=i","cat":284617},{"id":238399,"n":"Rouleau papier cadeau Esquisse Cirque - 2mx0,7m","p":0.55,"img":"https://fd8-photos.leclercdrive.fr/image.ashx?id=2801091&use=l&cat=p&typeid=i","cat":335914},{"id":238410,"n":"Pancakes bio Yooji pour bébé Carotte et Maïs 120g","p":3.59,"u":"29,92 €/KG","img":"https://fd8-photos.leclercdrive.fr/image.ashx?id=2800950&use=l&cat=p&typeid=i","cat":290631},{"id":238411,"n":"Pancakes bio Yooji pour bébé Petit pois epinard 120g","p":3.95,"u":"32,92 €/KG","img":"https://fd8-photos.leclercdrive.fr/image.ashx?id=2800953&use=l&cat=p&typeid=i","cat":290631},{"id":238419,"n":"Bonbons Têtes Brulées  Hypnostik - 180g","p":1.37,"u":"7,61 €/KG","img":"https://fd8-photos.leclercdrive.fr/image.ashx?id=2801150&use=l&cat=p&typeid=i","cat":304250},{"id":238423,"n":"Chewing-gum Refreshers  Menthe verte, 67g","p":3.69,"u":"55,07 €/KG","img":"https://fd8-photos.leclercdrive.fr/image.ashx?id=3008990&use=l&cat=p&typeid=i","cat":304251},{"id":238429,"n":"Chocolat au lait Tablette d'Or caramel beurre salé 180g","p":2.49,"u":"13,83 €/KG","img":"https://fd8-photos.leclercdrive.fr/image.ashx?id=2800758&use=l&cat=p&typeid=i","cat":284497},{"id":238514,"n":"Nuggets poulet Père Dodu Sel réduit - 200g","p":3.02,"u":"15,10 €/KG","img":"https://fd8-photos.leclercdrive.fr/image.ashx?id=2801908&use=l&cat=p&typeid=i","cat":333684},{"id":238530,"n":"Ravioli Lustucru Selection  4 fromages - 310g","p":1.95,"u":"6,29 €/KG","img":"https://fd8-photos.leclercdrive.fr/image.ashx?id=2962524&use=l&cat=p&typeid=i","cat":333682},{"id":238539,"n":"Girasoli Lustucru Pesto - 250g","p":2.99,"u":"11,96 €/KG","img":"https://fd8-photos.leclercdrive.fr/image.ashx?id=2975230&use=l&cat=p&typeid=i","cat":333682},{"id":238565,"n":"Compotes gourdes Pom'Potes Multivariétés - 64x90g","p":28.39,"u":"4,93 €/KG","img":"https://fd8-photos.leclercdrive.fr/image.ashx?id=2977270&use=l&cat=p&typeid=i","cat":284508},{"id":238631,"n":"Gel à raser Gillette Original Peaux normales - 200ml","p":2.9,"u":"14,50 €/L","img":"https://fd8-photos.leclercdrive.fr/image.ashx?id=2802725&use=l&cat=p&typeid=i","cat":284617},{"id":238648,"n":"Gel à raser Gillette Series Revitalisant - Thé vert- 200ml","p":4.22,"u":"21,10 €/L","img":"https://fd8-photos.leclercdrive.fr/image.ashx?id=2802758&use=l&cat=p&typeid=i","cat":284617},{"id":238671,"n":"Manège glacé Erhard Pâtissier Fruits rouges Vanille - 575g","p":12.99,"u":"22,59 €/KG","img":"https://fd8-photos.leclercdrive.fr/image.ashx?id=2852875&use=l&cat=p&typeid=i","cat":284266},{"id":238790,"n":"Mini croustis Bonduelle Indian curry 240g","p":2.73,"u":"11,38 €/KG","img":"https://fd8-photos.leclercdrive.fr/image.ashx?id=2974578&use=l&cat=p&typeid=i","cat":284254},{"id":238791,"n":"Maxi croustis Bonduelle Epinards 240g","p":2.73,"u":"11,38 €/KG","img":"https://fd8-photos.leclercdrive.fr/image.ashx?id=2805180&use=l&cat=p&typeid=i","cat":284254},{"id":238825,"n":"Dragées M&M'S crispy family 374g","p":5.04,"u":"13,48 €/KG","img":"https://fd8-photos.leclercdrive.fr/image.ashx?id=3003402&use=l&cat=p&typeid=i","cat":304238},{"id":238872,"n":"Quinoa facile Lustucru 300g","p":1.57,"u":"5,23 €/KG","img":"https://fd8-photos.leclercdrive.fr/image.ashx?id=2804565&use=l&cat=p&typeid=i","cat":284429},{"id":238899,"n":"Yaourt protéiné Skyr Yoplait Vanille 0%Mg - 450g","p":2.39,"u":"5,31 €/KG","img":"https://fd8-photos.leclercdrive.fr/image.ashx?id=2884447&use=l&cat=p&typeid=i","cat":315000},{"id":239075,"n":"Bloc foie gras canard Larnaudie Sel de Guérande - 240g","p":22.7,"u":"94,58 €/KG","img":"https://fd8-photos.leclercdrive.fr/image.ashx?id=2916806&use=l&cat=p&typeid=i","cat":316008},{"id":239101,"n":"Riz Thaï Taureau Ailé 1kg","p":3.19,"u":"3,19 €/KG","img":"https://fd8-photos.leclercdrive.fr/image.ashx?id=2805558&use=l&cat=p&typeid=i","cat":284428},{"id":239211,"n":"Huile Essentielle So Bio Etic  Eucalyptus Globuleux Bio - 12ml","p":3.96,"u":"330,00 €/MT","img":"https://fd8-photos.leclercdrive.fr/image.ashx?id=2805456&use=l&cat=p&typeid=i","cat":284630},{"id":239215,"n":"Huile Essentielle So Bio Etic Menthe poivrée Bio - 10ml","p":7.13,"u":"713,00 €/L","img":"https://fd8-photos.leclercdrive.fr/image.ashx?id=2805462&use=l&cat=p&typeid=i","cat":284630},{"id":239220,"n":"Bain de Bouche Listerine Haleine Fraiche 500ml","p":5.53,"u":"11,06 €/L","img":"https://fd8-photos.leclercdrive.fr/image.ashx?id=2806309&use=l&cat=p&typeid=i","cat":284613},{"id":239223,"n":"Bain de bouche Listerine Total Care - Sans alcool 500ml","p":6.05,"u":"12,10 €/L","img":"https://fd8-photos.leclercdrive.fr/image.ashx?id=2806315&use=l&cat=p&typeid=i","cat":284613},{"id":239224,"n":"Bain de Bouche Listerine Dents et Gencives 10 en 1 500ml","p":6.05,"u":"12,10 €/L","img":"https://fd8-photos.leclercdrive.fr/image.ashx?id=2806318&use=l&cat=p&typeid=i","cat":284613},{"id":239225,"n":"Bain de Bouche Listerine Total Care - Sans alcool 500ml","p":6.41,"u":"12,82 €/L","img":"https://fd8-photos.leclercdrive.fr/image.ashx?id=2806321&use=l&cat=p&typeid=i","cat":284613},{"id":239226,"n":"Adoucissant recharge Soupline à diluer Grand Air - 600ml","p":2.22,"u":"3,70 €/L","img":"https://fd8-photos.leclercdrive.fr/image.ashx?id=2957314&use=l&cat=p&typeid=i","cat":284650},{"id":239228,"n":"Adoucissant recharge Soupline à diluer Moment Magique-600ml","p":3.11,"u":"5,18 €/L","img":"https://fd8-photos.leclercdrive.fr/image.ashx?id=2863027&use=l&cat=p&typeid=i","cat":284650},{"id":239229,"n":"Brume de linge Soupline spray Grand Air - 300ml","p":5.15,"u":"17,17 €/L","img":"https://fd8-photos.leclercdrive.fr/image.ashx?id=2866202&use=l&cat=p&typeid=i","cat":325302},{"id":239231,"n":"Dentifrice Sensitive Elmex Blancheur - 75ml","p":6.03,"u":"80,40 €/L","img":"https://fd8-photos.leclercdrive.fr/image.ashx?id=2806447&use=l&cat=p&typeid=i","cat":284612},{"id":239232,"n":"Dentifrice Colgate Active Blancheur - 75ml","p":3.03,"u":"40,40 €/L","img":"https://fd8-photos.leclercdrive.fr/image.ashx?id=2814623&use=l&cat=p&typeid=i","cat":284612},{"id":239233,"n":"Dentifrice Colgate Soin complet - 75ml","p":2.25,"u":"30,00 €/L","img":"https://fd8-photos.leclercdrive.fr/image.ashx?id=2836196&use=l&cat=p&typeid=i","cat":284612},{"id":239236,"n":"Lingettes pocket bébé Biolane Visage et mains - x20","p":1.69,"img":"https://fd8-photos.leclercdrive.fr/image.ashx?id=2806195&use=l&cat=p&typeid=i","cat":284738},{"id":239237,"n":"Couches bébé Mots d'enfant Taille 3 - 4-9kg - x104","p":12.67,"u":"12,67 €/PRT","img":"https://fd8-photos.leclercdrive.fr/image.ashx?id=2922439&use=l&cat=p&typeid=i","cat":284737},{"id":239239,"n":"Couches bébé Mots d'enfant Taille 4 - 7-18kg - x92","p":12.67,"img":"https://fd8-photos.leclercdrive.fr/image.ashx?id=2922442&use=l&cat=p&typeid=i","cat":284737},{"id":239241,"n":"Couches bébé Mots d'enfant Taille 4+ - 9-20kg - x88","p":12.67,"img":"https://fd8-photos.leclercdrive.fr/image.ashx?id=2922445&use=l&cat=p&typeid=i","cat":284737},{"id":239242,"n":"Couches bébé Mots d'enfant Taille 5 - 11-25kg - x84","p":12.67,"u":"0,15 €/P","img":"https://fd8-photos.leclercdrive.fr/image.ashx?id=2922448&use=l&cat=p&typeid=i","cat":284737},{"id":239342,"n":"Papier cadeau Spiderman Fond bleu Spiderman 500x70cm","p":1.5,"img":"https://fd8-photos.leclercdrive.fr/image.ashx?id=2808679&use=l&cat=p&typeid=i","cat":335914},{"id":239343,"n":"Papier cadeau Spiderman Les Avengers - 500x70cm","p":1.5,"img":"https://fd8-photos.leclercdrive.fr/image.ashx?id=2808682&use=l&cat=p&typeid=i","cat":335914},{"id":239344,"n":"Papier cadeau Spiderman Marvel - 500x70cm","p":1.5,"img":"https://fd8-photos.leclercdrive.fr/image.ashx?id=2808685&use=l&cat=p&typeid=i","cat":335914},{"id":239371,"n":"Capsules café L'Or Espresso Supremo N°10 x50","p":14.6,"u":"56,15 €/KG","img":"https://fd8-photos.leclercdrive.fr/image.ashx?id=3000480&use=l&cat=p&typeid=i","cat":284749},{"id":239478,"n":"Burger Géant Jacquet Nature x4 - 330g","p":1.15,"u":"3,48 €/KG","img":"https://fd8-photos.leclercdrive.fr/image.ashx?id=3010981&use=l&cat=p&typeid=i","cat":325067},{"id":239480,"n":"Burger Géant Jacquet Farine complète x4 - 330g","p":1.15,"u":"3,48 €/KG","img":"https://fd8-photos.leclercdrive.fr/image.ashx?id=2973544&use=l&cat=p&typeid=i","cat":325067},{"id":239504,"n":"Burger Géant Jacquet Nature x6 - 495g","p":1.65,"u":"3,33 €/KG","img":"https://fd8-photos.leclercdrive.fr/image.ashx?id=2991876&use=l&cat=p&typeid=i","cat":325067},{"id":239744,"n":"Marrons glacés Frutignac x12 - 240g","p":14.75,"u":"61,46 €/KG","img":"https://fd8-photos.leclercdrive.fr/image.ashx?id=2871970&use=l&cat=p&typeid=i","cat":327603},{"id":239867,"n":"Soupe Légumes du Soleil Knorr - 600ml","p":2.92,"u":"4,87 €/L","img":"https://fd8-photos.leclercdrive.fr/image.ashx?id=2953079&use=l&cat=p&typeid=i","cat":284462},{"id":239871,"n":"Soupe Douceur à l'Italienne Knorr - 600ml","p":1.65,"u":"2,75 €/L","img":"https://fd8-photos.leclercdrive.fr/image.ashx?id=2950906&use=l&cat=p&typeid=i","cat":284462},{"id":239883,"n":"Velouté Eco+ Poireaux pomme de terre","p":0.87,"u":"0,87 €/L","img":"https://fd8-photos.leclercdrive.fr/image.ashx?id=2808724&use=l&cat=p&typeid=i","cat":284462},{"id":239891,"n":"Poule aux vermicelles Maggi 65g","p":0.4,"u":"6,15 €/KG","img":"https://fd8-photos.leclercdrive.fr/image.ashx?id=2811716&use=l&cat=p&typeid=i","cat":288379},{"id":239899,"n":"Plat Bledina Boeuf et carotte - 200g","p":2.17,"u":"10,85 €/KG","img":"https://fd8-photos.leclercdrive.fr/image.ashx?id=2866307&use=l&cat=p&typeid=i","cat":312238},{"id":239902,"n":"Saumon en croûte Côté Table 700g","p":7.49,"u":"10,70 €/KG","img":"https://fd8-photos.leclercdrive.fr/image.ashx?id=2808733&use=l&cat=p&typeid=i","cat":319776},{"id":239905,"n":"Nouilles Tables du Monde Legumes - 3x65g","p":1.39,"u":"7,13 €/KG","img":"https://fd8-photos.leclercdrive.fr/image.ashx?id=2808727&use=l&cat=p&typeid=i","cat":288992},{"id":239939,"n":"Bols ratatouille Bledina  poulet &huile d'olive - 400g","p":2.37,"u":"5,93 €/KG","img":"https://fd8-photos.leclercdrive.fr/image.ashx?id=2975122&use=l&cat=p&typeid=i","cat":312236},{"id":239942,"n":"Bols parmentier Bledina Carottes boeuf - 2x200g","p":2.32,"u":"5,80 €/KG","img":"https://fd8-photos.leclercdrive.fr/image.ashx?id=2975125&use=l&cat=p&typeid=i","cat":312235},{"id":239944,"n":"Bols écrasé Bledina Petits pois riz cabillaud 400g","p":2.85,"u":"7,13 €/KG","img":"https://fd8-photos.leclercdrive.fr/image.ashx?id=2975128&use=l&cat=p&typeid=i","cat":312236},{"id":240002,"n":"Billes M&Ms caramel salé 367g","p":4.79,"u":"13,05 €/KG","img":"https://fd8-photos.leclercdrive.fr/image.ashx?id=2924770&use=l&cat=p&typeid=i","cat":304238},{"id":240103,"n":"Lessive Disc Le Chat Rosée du matin - 627g x38","p":14.96,"u":"23,86 €/KG","img":"https://fd8-photos.leclercdrive.fr/image.ashx?id=2810810&use=l&cat=p&typeid=i","cat":284641},{"id":240157,"n":"Bretzels salés Flipz caramel beurre salé - 90g","p":1.74,"u":"19,33 €/KG","img":"https://fd8-photos.leclercdrive.fr/image.ashx?id=2813896&use=l&cat=p&typeid=i","cat":297000},{"id":240234,"n":"Bûche glacée Pilpa Duo de Vanilles - 535g","p":5.27,"u":"9,85 €/KG","img":"https://fd8-photos.leclercdrive.fr/image.ashx?id=2812765&use=l&cat=p&typeid=i","cat":284266},{"id":240235,"n":"Assortiment Guimauves festives Copains Copines - 1kg","p":6.49,"u":"6,49 €/KG","img":"https://fd8-photos.leclercdrive.fr/image.ashx?id=2842365&use=l&cat=p&typeid=i","cat":304250},{"id":240239,"n":"Bûche glacée Nestlé Norvégienne - 455g","p":7.45,"u":"16,02 €/KG","img":"https://fd8-photos.leclercdrive.fr/image.ashx?id=2812768&use=l&cat=p&typeid=i","cat":284266},{"id":240254,"n":"Papier cadeau Pat'Patrouille Fond rouge - 500x70cm","p":1.5,"img":"https://fd8-photos.leclercdrive.fr/image.ashx?id=2816758&use=l&cat=p&typeid=i","cat":335914},{"id":240255,"n":"Papier cadeau Pat'Patrouille Fond jaune - 500x70cm","p":1.5,"img":"https://fd8-photos.leclercdrive.fr/image.ashx?id=2816761&use=l&cat=p&typeid=i","cat":335914},{"id":240256,"n":"Papier cadeau Pat'Patrouille Christmas - 500x70cm","p":1.5,"img":"https://fd8-photos.leclercdrive.fr/image.ashx?id=2816764&use=l&cat=p&typeid=i","cat":335914},{"id":240338,"n":"Laque Elnett Fixation normale  200ml","p":5.97,"u":"29,85 €/L","img":"https://fd8-photos.leclercdrive.fr/image.ashx?id=2814064&use=l&cat=p&typeid=i","cat":284609},{"id":240426,"n":"Soda à l'orange Orangina 2x1,5L","p":4.57,"u":"1,52 €/L","img":"https://fd8-photos.leclercdrive.fr/image.ashx?id=2812690&use=l&cat=p&typeid=i","cat":284532},{"id":240482,"n":"Riz basmati Lustucru 10min - 5x180g","p":3.8,"u":"4,22 €/KG","img":"https://fd8-photos.leclercdrive.fr/image.ashx?id=2814163&use=l&cat=p&typeid=i","cat":284428},{"id":240623,"n":"Laque fixation forte Elnett 200ml","p":5.97,"u":"29,85 €/L","img":"https://fd8-photos.leclercdrive.fr/image.ashx?id=2828013&use=l&cat=p&typeid=i","cat":284609},{"id":240751,"n":"Spaghetti Barilla Quadrati Al bronzo - 500g","p":1.98,"u":"3,96 €/KG","img":"https://fd8-photos.leclercdrive.fr/image.ashx?id=2815145&use=l&cat=p&typeid=i","cat":284427},{"id":240837,"n":"Tablette chocolat au lait  Pistaches - Novi - 110g","p":3.68,"u":"33,45 €/KG","img":"https://fd8-photos.leclercdrive.fr/image.ashx?id=2818133&use=l&cat=p&typeid=i","cat":284497},{"id":240842,"n":"Skyr nature Délisse 4x100g","p":1.72,"u":"4,30 €/KG","img":"https://fd8-photos.leclercdrive.fr/image.ashx?id=2992588&use=l&cat=p&typeid=i","cat":315000},{"id":240843,"n":"Skyr nature Délisse 850g","p":2.75,"u":"3,24 €/KG","img":"https://fd8-photos.leclercdrive.fr/image.ashx?id=2992600&use=l&cat=p&typeid=i","cat":315000},{"id":240848,"n":"Girolles sauvages entières L'Origine du Goût 300g","p":4.85,"u":"16,17 €/KG","img":"https://fd8-photos.leclercdrive.fr/image.ashx?id=2814713&use=l&cat=p&typeid=i","cat":319805},{"id":240852,"n":"Cèpes morceaux L'Origine du Goût 300g","p":4.05,"u":"13,50 €/KG","img":"https://fd8-photos.leclercdrive.fr/image.ashx?id=2814917&use=l&cat=p&typeid=i","cat":319805},{"id":240873,"n":"Mini pots de glace Trium Cookie Dough x4 - 288g","p":3.99,"u":"13,85 €/KG","img":"https://fd8-photos.leclercdrive.fr/image.ashx?id=2814893&use=l&cat=p&typeid=i","cat":284725},{"id":240889,"n":"Oeufs de lompe Labeyrie  MSC 80g","p":4.17,"u":"52,13 €/KG","img":"https://fd8-photos.leclercdrive.fr/image.ashx?id=2817602&use=l&cat=p&typeid=i","cat":285191},{"id":240919,"n":"Morilles sauvages entières L'Origine du Goût 150g","p":5.99,"u":"39,93 €/KG","img":"https://fd8-photos.leclercdrive.fr/image.ashx?id=2814968&use=l&cat=p&typeid=i","cat":319805},{"id":241190,"n":"Colle Fixer sans percer Sader Cartouche - 360g","p":4.4,"u":"12,22 €/KG","img":"https://fd8-photos.leclercdrive.fr/image.ashx?id=2816901&use=l&cat=p&typeid=i","cat":300576},{"id":241191,"n":"Coller Fixer san percer Sader Gachette - 130g","p":4.4,"u":"33,85 €/KG","img":"https://fd8-photos.leclercdrive.fr/image.ashx?id=2817803&use=l&cat=p&typeid=i","cat":300576},{"id":241193,"n":"Colle Fixer sans percer Sader Tube Aménagement intérieur 260g","p":4.4,"u":"16,92 €/KG","img":"https://fd8-photos.leclercdrive.fr/image.ashx?id=2816904&use=l&cat=p&typeid=i","cat":300576},{"id":241194,"n":"Colle Fixer sans percer Sader Tube Aménagement intérieur 70g","p":2.64,"u":"37,71 €/KG","img":"https://fd8-photos.leclercdrive.fr/image.ashx?id=2816907&use=l&cat=p&typeid=i","cat":300576},{"id":241196,"n":"Colle Fixer sans percer Cartouche Travaux blanc - 445g","p":5.11,"u":"11,48 €/KG","img":"https://fd8-photos.leclercdrive.fr/image.ashx?id=2817800&use=l&cat=p&typeid=i","cat":300576},{"id":241198,"n":"Colle Fixer sans percer Sader Gachette Travaux blanc - 150g","p":5.11,"u":"34,07 €/KG","img":"https://fd8-photos.leclercdrive.fr/image.ashx?id=2817815&use=l&cat=p&typeid=i","cat":300576},{"id":241200,"n":"Colle Fixer sans percer Sader Tube Tous Travaux Blanc 50g","p":3.1,"u":"62,00 €/KG","img":"https://fd8-photos.leclercdrive.fr/image.ashx?id=2817812&use=l&cat=p&typeid=i","cat":300576},{"id":241201,"n":"Colle Fixer sans percer Sader Tous travaux Transparent 110g","p":5.48,"u":"49,82 €/KG","img":"https://fd8-photos.leclercdrive.fr/image.ashx?id=2817806&use=l&cat=p&typeid=i","cat":300576},{"id":241204,"n":"Colle Fixer sans percer Sader Tous travaux transparent 50","p":3.37,"u":"67,40 €/KG","img":"https://fd8-photos.leclercdrive.fr/image.ashx?id=2816910&use=l&cat=p&typeid=i","cat":300576},{"id":241205,"n":"Colle Fixer sans percer Sader Tous travaux Transparent - 300g","p":5.48,"u":"18,27 €/KG","img":"https://fd8-photos.leclercdrive.fr/image.ashx?id=2817809&use=l&cat=p&typeid=i","cat":300576},{"id":241210,"n":"Dentifrice Enfants Signal  Super Mario - Fruité - 75ml","p":1.47,"u":"19,60 €/L","img":"https://fd8-photos.leclercdrive.fr/image.ashx?id=2993173&use=l&cat=p&typeid=i","cat":288898},{"id":241211,"n":"Dentifrice Enfants Signal Super Mario - Fraise - 75ml","p":2.22,"u":"29,60 €/L","img":"https://fd8-photos.leclercdrive.fr/image.ashx?id=2987047&use=l&cat=p&typeid=i","cat":288898},{"id":241256,"n":"M&M's minis pochons  360g","p":4.47,"u":"12,42 €/KG","img":"https://fd8-photos.leclercdrive.fr/image.ashx?id=3005290&use=l&cat=p&typeid=i","cat":304238},{"id":241513,"n":"Bloc foie gras de canard  Pierre de Chaumeyrac 200g","p":11.59,"u":"57,95 €/KG","img":"https://fd8-photos.leclercdrive.fr/image.ashx?id=2817238&use=l&cat=p&typeid=i","cat":316008},{"id":241514,"n":"Foie gras de canard Labeyrie 320g","p":37.89,"u":"118,41 €/KG","img":"https://fd8-photos.leclercdrive.fr/image.ashx?id=2819307&use=l&cat=p&typeid=i","cat":316008},{"id":242210,"n":"Tartinades de thon Petit Navire 250g","p":4.02,"u":"16,08 €/KG","img":"https://fd8-photos.leclercdrive.fr/image.ashx?id=2835848&use=l&cat=p&typeid=i","cat":284451},{"id":242218,"n":"Lingettes Mixa bébé au lait x80","p":3.65,"u":"0,05 €/P","img":"https://fd8-photos.leclercdrive.fr/image.ashx?id=2828079&use=l&cat=p&typeid=i","cat":284738},{"id":242220,"n":"Lingettes Mixa bébé  eau minérale x48","p":3.59,"u":"0,07 €/P","img":"https://fd8-photos.leclercdrive.fr/image.ashx?id=2828082&use=l&cat=p&typeid=i","cat":284738},{"id":242222,"n":"Lingettes Mixa bébé  eau nettoyante x80","p":2.47,"u":"0,03 €/P","img":"https://fd8-photos.leclercdrive.fr/image.ashx?id=2828085&use=l&cat=p&typeid=i","cat":284738},{"id":242226,"n":"Déodorant Mixa Anti-transpirant 48h","p":2.99,"u":"59,80 €/L","img":"https://fd8-photos.leclercdrive.fr/image.ashx?id=2869116&use=l&cat=p&typeid=i","cat":284595},{"id":242229,"n":"Lingettes Mixa bébé Physio x48","p":3.91,"u":"0,08 €/P","img":"https://fd8-photos.leclercdrive.fr/image.ashx?id=2828088&use=l&cat=p&typeid=i","cat":284738},{"id":242235,"n":"Lingettes bébé Cadum  Ultra-douces x48","p":3.14,"u":"0,03 €/P","img":"https://fd8-photos.leclercdrive.fr/image.ashx?id=2828091&use=l&cat=p&typeid=i","cat":284738},{"id":242258,"n":"Laque Elnett 300ml","p":7.89,"u":"26,30 €/L","img":"https://fd8-photos.leclercdrive.fr/image.ashx?id=2828019&use=l&cat=p&typeid=i","cat":284609},{"id":242259,"n":"Laque Elnett fixation forte 300ml","p":6.77,"u":"22,57 €/L","img":"https://fd8-photos.leclercdrive.fr/image.ashx?id=2828016&use=l&cat=p&typeid=i","cat":284609},{"id":242261,"n":"Laque Elnett Fixation normale 400ml","p":9.49,"u":"23,73 €/L","img":"https://fd8-photos.leclercdrive.fr/image.ashx?id=2828025&use=l&cat=p&typeid=i","cat":284609},{"id":242262,"n":"Laque Elnett Fixation forte 400ml","p":10.59,"u":"26,48 €/L","img":"https://fd8-photos.leclercdrive.fr/image.ashx?id=2828022&use=l&cat=p&typeid=i","cat":284609},{"id":242266,"n":"Après-shampoing Garnier Ultra  Doux Cheveux secs -250ml","p":3.05,"u":"12,20 €/L","img":"https://fd8-photos.leclercdrive.fr/image.ashx?id=2828046&use=l&cat=p&typeid=i","cat":284607},{"id":242267,"n":"Shampoing Dessange Blond 250ml","p":5.25,"u":"21,00 €/L","img":"https://fd8-photos.leclercdrive.fr/image.ashx?id=2870692&use=l&cat=p&typeid=i","cat":284606},{"id":242400,"n":"Nouilles instantanées Oyakata Yakisoba saveur soja - 91g","p":1.19,"u":"13,08 €/KG","img":"https://fd8-photos.leclercdrive.fr/image.ashx?id=2857758&use=l&cat=p&typeid=i","cat":288992},{"id":242401,"n":"Nouilles instantanées Oyakata Yakisoba poulet teriyaki  - 93g","p":1.19,"u":"12,80 €/KG","img":"https://fd8-photos.leclercdrive.fr/image.ashx?id=2849253&use=l&cat=p&typeid=i","cat":288992},{"id":242546,"n":"Cocktail Tails  Coffret Passion fruit - 50cl","p":14.88,"u":"29,76 €/L","img":"https://fd8-photos.leclercdrive.fr/image.ashx?id=2826474&use=l&cat=p&typeid=i","cat":284551},{"id":242554,"n":"Coktails Tails  Coffret Rhum Daiquiri - 50cl","p":14.9,"u":"29,80 €/L","img":"https://fd8-photos.leclercdrive.fr/image.ashx?id=2826477&use=l&cat=p&typeid=i","cat":284550},{"id":242584,"n":"Coffret Bombay Fever Tree Sapphire 70cl","p":23.4,"u":"33,43 €/L","img":"https://fd8-photos.leclercdrive.fr/image.ashx?id=2828844&use=l&cat=p&typeid=i","cat":284531},{"id":242585,"n":"Girasoli champignons cèpes  TURINI 250G","p":2.49,"u":"9,96 €/KG","img":"https://fd8-photos.leclercdrive.fr/image.ashx?id=2897823&use=l&cat=p&typeid=i","cat":333682},{"id":242616,"n":"Saucisse L'Origine du Gout A la truffe - 100g","p":2.75,"u":"27,50 €/KG","img":"https://fd8-photos.leclercdrive.fr/image.ashx?id=2994408&use=l&cat=p&typeid=i","cat":316007},{"id":242617,"n":"Jambon L'Origine du Gout Cuit à la truffe - 120g","p":2.3,"u":"19,17 €/KG","img":"https://fd8-photos.leclercdrive.fr/image.ashx?id=2840434&use=l&cat=p&typeid=i","cat":316009},{"id":242683,"n":"Bière blanche Leffe 5,7% - 12x25cl","p":12.09,"u":"4,03 €/L","img":"https://fd8-photos.leclercdrive.fr/image.ashx?id=2828580&use=l&cat=p&typeid=i","cat":334878},{"id":242706,"n":"Crème dessert Danette Praliné - 4x125g","p":1.65,"u":"3,30 €/KG","img":"https://fd8-photos.leclercdrive.fr/image.ashx?id=2918556&use=l&cat=p&typeid=i","cat":285041},{"id":242707,"n":"Crème dessert Danette Petit-beurre chocolat 4x125g","p":1.66,"u":"3,32 €/KG","img":"https://fd8-photos.leclercdrive.fr/image.ashx?id=2928414&use=l&cat=p&typeid=i","cat":285041},{"id":242710,"n":"Yaourt à boire Myrtille Hipro 300g","p":2.29,"u":"7,63 €/KG","img":"https://fd8-photos.leclercdrive.fr/image.ashx?id=2826573&use=l&cat=p&typeid=i","cat":284415},{"id":242713,"n":"Actimel triple action Fraise Grenade - 6x100g","p":3.09,"u":"5,15 €/KG","img":"https://fd8-photos.leclercdrive.fr/image.ashx?id=2826576&use=l&cat=p&typeid=i","cat":284415},{"id":242714,"n":"Actimel triple action Pêche  Fruits de la passion - 6x100g","p":3.09,"u":"5,15 €/P","img":"https://fd8-photos.leclercdrive.fr/image.ashx?id=2831681&use=l&cat=p&typeid=i","cat":284415},{"id":242719,"n":"Yaourt protéiné Hipro Fraise - 2x160g","p":2.39,"u":"7,47 €/KG","img":"https://fd8-photos.leclercdrive.fr/image.ashx?id=2945418&use=l&cat=p&typeid=i","cat":315000},{"id":242887,"n":"Saumon fumé Eco+ Atlantique 350g","p":7.99,"u":"22,83 €/KG","img":"https://fd8-photos.leclercdrive.fr/image.ashx?id=2824147&use=l&cat=p&typeid=i","cat":285188},{"id":243068,"n":"Cocktails Tails Rasberry Shaker - 50 cl","p":14.99,"u":"29,98 €/L","img":"https://fd8-photos.leclercdrive.fr/image.ashx?id=2825484&use=l&cat=p&typeid=i","cat":284551},{"id":243313,"n":"Galette Tipiak Jambon/emmental - 2x125g","p":2.68,"u":"10,72 €/KG","img":"https://fd8-photos.leclercdrive.fr/image.ashx?id=2830270&use=l&cat=p&typeid=i","cat":319776},{"id":243688,"n":"Concentré de citron Frucci 75cl","p":1.54,"u":"2,05 €/L","img":"https://fd8-photos.leclercdrive.fr/image.ashx?id=2865308&use=l&cat=p&typeid=i","cat":295020},{"id":243689,"n":"Boisson energisante X-Tense Energisante pina coco - 50cl","p":0.98,"u":"1,96 €/L","img":"https://fd8-photos.leclercdrive.fr/image.ashx?id=2956798&use=l&cat=p&typeid=i","cat":284533},{"id":243706,"n":"Boisson energisante X-tense  Tropical - 50cl","p":0.98,"u":"1,96 €/L","img":"https://fd8-photos.leclercdrive.fr/image.ashx?id=2956795&use=l&cat=p&typeid=i","cat":284533},{"id":243774,"n":"Piles AAA Duracel Optimum x8","p":11.17,"img":"https://fd8-photos.leclercdrive.fr/image.ashx?id=2929119&use=l&cat=p&typeid=i","cat":300572},{"id":243957,"n":"Concentré Frucci Citron vert - 75cl","p":1.8,"u":"2,40 €/L","img":"https://fd8-photos.leclercdrive.fr/image.ashx?id=2865311&use=l&cat=p&typeid=i","cat":295020},{"id":243958,"n":"Concentré Frucci Orange Citron - 75cl","p":2.41,"u":"3,21 €/L","img":"https://fd8-photos.leclercdrive.fr/image.ashx?id=2865314&use=l&cat=p&typeid=i","cat":295020},{"id":243962,"n":"Lingettes Decolor Stop Protection couleurs - x22","p":4.79,"img":"https://fd8-photos.leclercdrive.fr/image.ashx?id=2890127&use=l&cat=p&typeid=i","cat":290450},{"id":243995,"n":"Croutons saveur ail Pasquier 80g","p":0.65,"u":"8,13 €/KG","img":"https://fd8-photos.leclercdrive.fr/image.ashx?id=2834458&use=l&cat=p&typeid=i","cat":284464},{"id":243996,"n":"Croutons nature Pasquier 80g","p":0.59,"u":"7,38 €/KG","img":"https://fd8-photos.leclercdrive.fr/image.ashx?id=2834461&use=l&cat=p&typeid=i","cat":284464},{"id":244218,"n":"Croquettes Friskies chat adulte Thon Légumes - 3kg","p":8.89,"u":"2,96 €/KG","img":"https://fd8-photos.leclercdrive.fr/image.ashx?id=2835148&use=l&cat=p&typeid=i","cat":284680},{"id":244229,"n":"Croquettes Friskies chat adulte Lapin Poulet Légumes - 1.5kg","p":3.87,"u":"2,58 €/KG","img":"https://fd8-photos.leclercdrive.fr/image.ashx?id=2835160&use=l&cat=p&typeid=i","cat":284680},{"id":244234,"n":"Croquettes Friskies chat adulte Saumon Légumes - 1.5kg","p":4.8,"u":"3,20 €/KG","img":"https://fd8-photos.leclercdrive.fr/image.ashx?id=2860586&use=l&cat=p&typeid=i","cat":284680},{"id":244235,"n":"Croquettes Friskies chat adulte  Boeuf Poulet Légumes - 1.5kg","p":4.8,"u":"3,20 €/KG","img":"https://fd8-photos.leclercdrive.fr/image.ashx?id=2835154&use=l&cat=p&typeid=i","cat":284680},{"id":244351,"n":"Shampooing Elsève Color vive 250ml","p":2.35,"u":"9,40 €/L","img":"https://fd8-photos.leclercdrive.fr/image.ashx?id=2989318&use=l&cat=p&typeid=i","cat":284606},{"id":244354,"n":"Shampooing Garnier Ultra doux  Miel - 250ml","p":1.6,"u":"6,40 €/L","img":"https://fd8-photos.leclercdrive.fr/image.ashx?id=2836502&use=l&cat=p&typeid=i","cat":284606},{"id":244356,"n":"Shampooing Garnier Ultra doux  Avocat 250ml","p":1.6,"u":"6,40 €/L","img":"https://fd8-photos.leclercdrive.fr/image.ashx?id=2836499&use=l&cat=p&typeid=i","cat":284606},{"id":244359,"n":"Shampooing Elsève Dream length  250ml","p":3.48,"u":"13,92 €/L","img":"https://fd8-photos.leclercdrive.fr/image.ashx?id=2863614&use=l&cat=p&typeid=i","cat":284606},{"id":244360,"n":"Shampooing Elsève Hyaluronique  250ml","p":3.48,"u":"13,92 €/L","img":"https://fd8-photos.leclercdrive.fr/image.ashx?id=2863617&use=l&cat=p&typeid=i","cat":284606},{"id":244661,"n":"Riz Basmati Lustucru Selection  10 min - 450g","p":2.59,"u":"5,76 €/KG","img":"https://fd8-photos.leclercdrive.fr/image.ashx?id=2836732&use=l&cat=p&typeid=i","cat":284428},{"id":245061,"n":"Pain pour panini Epi d'Or Précuit - x4  300g","p":1.48,"u":"4,93 €/KG","img":"https://fd8-photos.leclercdrive.fr/image.ashx?id=2837144&use=l&cat=p&typeid=i","cat":284985},{"id":245062,"n":"Compotée d'aubergines & blé Cassegrain - 2x375g","p":5.75,"u":"7,67 €/KG","img":"https://fd8-photos.leclercdrive.fr/image.ashx?id=2970843&use=l&cat=p&typeid=i","cat":312612},{"id":245071,"n":"Snack Nesquik super choco 4x28g","p":1.61,"u":"14,38 €/KG","img":"https://fd8-photos.leclercdrive.fr/image.ashx?id=2837607&use=l&cat=p&typeid=i","cat":284420},{"id":245076,"n":"Nouilles instantanées Maggi sauce Teriyaki - 75g","p":1.79,"u":"23,87 €/KG","img":"https://fd8-photos.leclercdrive.fr/image.ashx?id=2842966&use=l&cat=p&typeid=i","cat":288992},{"id":245078,"n":"Nouilles instantanées Maggi sauce poulet sésame - 75g","p":1.79,"u":"23,87 €/KG","img":"https://fd8-photos.leclercdrive.fr/image.ashx?id=2842963&use=l&cat=p&typeid=i","cat":288992},{"id":245238,"n":"Gousses vanille Tablier Blanc x2 - 4g","p":5.44,"img":"https://fd8-photos.leclercdrive.fr/image.ashx?id=2837701&use=l&cat=p&typeid=i","cat":284504},{"id":245403,"n":"Gyoza aux légumes Tables du Monde x8 - 200g","p":3.2,"u":"16,00 €/KG","img":"https://fd8-photos.leclercdrive.fr/image.ashx?id=2838553&use=l&cat=p&typeid=i","cat":333673},{"id":245576,"n":"Sauce Pesto vert Panzani au basilic - 2x90g","p":2.34,"u":"13,00 €/KG","img":"https://fd8-photos.leclercdrive.fr/image.ashx?id=2873841&use=l&cat=p&typeid=i","cat":299047},{"id":245579,"n":"Sauce Pesto vert crémeux  Panzani - 190g","p":2.49,"u":"13,11 €/KG","img":"https://fd8-photos.leclercdrive.fr/image.ashx?id=2873838&use=l&cat=p&typeid=i","cat":299047},{"id":245580,"n":"Sauce Arrabbiata Panzani 400g","p":2.45,"u":"6,13 €/KG","img":"https://fd8-photos.leclercdrive.fr/image.ashx?id=2880694&use=l&cat=p&typeid=i","cat":299047},{"id":245582,"n":"Sauce Pesto Panzani poivrons ricotta - 190g","p":1.98,"u":"10,42 €/KG","img":"https://fd8-photos.leclercdrive.fr/image.ashx?id=2873835&use=l&cat=p&typeid=i","cat":299047},{"id":245929,"n":"Tablette chocolat KitKat Caramel salé - 99g","p":1.96,"u":"19,80 €/KG","img":"https://fd8-photos.leclercdrive.fr/image.ashx?id=2990868&use=l&cat=p&typeid=i","cat":284497},{"id":245930,"n":"Tablette KitKat  Double chocolat - 99g","p":1.96,"u":"19,80 €/KG","img":"https://fd8-photos.leclercdrive.fr/image.ashx?id=2990865&use=l&cat=p&typeid=i","cat":284497},{"id":245931,"n":"Tablette chocolat KitKat  Noisette - 99g","p":1.96,"u":"19,80 €/KG","img":"https://fd8-photos.leclercdrive.fr/image.ashx?id=2871046&use=l&cat=p&typeid=i","cat":284497},{"id":246173,"n":"Chips Bret's Bleu d'Auvergne - 125g","p":2.39,"u":"19,12 €/KG","img":"https://fd8-photos.leclercdrive.fr/image.ashx?id=2843412&use=l&cat=p&typeid=i","cat":284447},{"id":246201,"n":"Pâtes penné rigaté Eco+ 1kg","p":1.1,"u":"1,10 €/KG","img":"https://fd8-photos.leclercdrive.fr/image.ashx?id=2856736&use=l&cat=p&typeid=i","cat":284427},{"id":246205,"n":"Chips Street food Vico  Saveur boeuf Thaï- 120g","p":1.12,"u":"9,33 €/KG","img":"https://fd8-photos.leclercdrive.fr/image.ashx?id=3000102&use=l&cat=p&typeid=i","cat":284447},{"id":246217,"n":"Gourdes Douceur du Verger Pommes Fraises abricot 4x90g","p":1.6,"u":"4,44 €/KG","img":"https://fd8-photos.leclercdrive.fr/image.ashx?id=2934781&use=l&cat=p&typeid=i","cat":284508},{"id":246225,"n":"Tablette de chocolat Equador Amandes caramel - 100g","p":1.69,"u":"16,90 €/KG","img":"https://fd8-photos.leclercdrive.fr/image.ashx?id=2843120&use=l&cat=p&typeid=i","cat":284497},{"id":246261,"n":"Shampooing Elseve Hyaluronique - 400ml","p":4.49,"u":"11,23 €/L","img":"https://fd8-photos.leclercdrive.fr/image.ashx?id=2844181&use=l&cat=p&typeid=i","cat":284606},{"id":246262,"n":"Shampooing Elseve Dream long - 400ml","p":4.49,"u":"11,23 €/L","img":"https://fd8-photos.leclercdrive.fr/image.ashx?id=2844187&use=l&cat=p&typeid=i","cat":284606},{"id":246263,"n":"Sérum Elseve Anti-chute - 102ml","p":11.59,"u":"113,63 €/L","img":"https://fd8-photos.leclercdrive.fr/image.ashx?id=2844190&use=l&cat=p&typeid=i","cat":284608},{"id":246269,"n":"Après-shampooing Elseve Démêlant anti-chute - 150ml","p":5.59,"u":"37,27 €/L","img":"https://fd8-photos.leclercdrive.fr/image.ashx?id=2844193&use=l&cat=p&typeid=i","cat":284607},{"id":246270,"n":"Shampooing Elseve Anti-chute - 200ml","p":5.5,"u":"27,50 €/L","img":"https://fd8-photos.leclercdrive.fr/image.ashx?id=2844196&use=l&cat=p&typeid=i","cat":284606},{"id":246272,"n":"Shampooing Elseve Hyaluronique Pure - 250ml","p":4.18,"u":"16,72 €/L","img":"https://fd8-photos.leclercdrive.fr/image.ashx?id=2981593&use=l&cat=p&typeid=i","cat":284606},{"id":246356,"n":"Nouilles de blé Tanoshi Lot de 3 - Boeuf - 3x85g","p":2.56,"u":"10,04 €/KG","img":"https://fd8-photos.leclercdrive.fr/image.ashx?id=2845961&use=l&cat=p&typeid=i","cat":288992},{"id":246357,"n":"Nouilles de blé Tanoshi Lot de 3 - curry 3x85g","p":2.63,"u":"10,31 €/KG","img":"https://fd8-photos.leclercdrive.fr/image.ashx?id=2845356&use=l&cat=p&typeid=i","cat":288992},{"id":246358,"n":"Nouilles de blé Tanoshi Canard - 3x85g","p":2.59,"u":"10,16 €/KG","img":"https://fd8-photos.leclercdrive.fr/image.ashx?id=2845964&use=l&cat=p&typeid=i","cat":288992},{"id":246359,"n":"Nouilles aux crevettes Tanoshi 3x85g","p":2.52,"u":"9,88 €/KG","img":"https://fd8-photos.leclercdrive.fr/image.ashx?id=2845967&use=l&cat=p&typeid=i","cat":288992},{"id":246427,"n":"Soupe deshydratée Knorr Pistou","p":1.45,"u":"18,13 €/KG","img":"https://fd8-photos.leclercdrive.fr/image.ashx?id=2845071&use=l&cat=p&typeid=i","cat":284463},{"id":246547,"n":"Crème nettoyante Neutrogena Points noirs 2% - 150ml","p":5.49,"u":"36,60 €/L","img":"https://fd8-photos.leclercdrive.fr/image.ashx?id=2846045&use=l&cat=p&typeid=i","cat":284603},{"id":246549,"n":"Gel nettoyant Neutrogena Pamplemousse 0.5% - 200ml","p":5.19,"u":"25,95 €/L","img":"https://fd8-photos.leclercdrive.fr/image.ashx?id=2846051&use=l&cat=p&typeid=i","cat":284603},{"id":246638,"n":"Riz parfumé Taureau Ailé 1kg","p":3.28,"u":"3,28 €/KG","img":"https://fd8-photos.leclercdrive.fr/image.ashx?id=2846739&use=l&cat=p&typeid=i","cat":284428},{"id":246773,"n":"Oeufs de Pâques Libeert Lait speculos -150g","p":7.03,"u":"46,87 €/KG","img":"https://fd8-photos.leclercdrive.fr/image.ashx?id=2849247&use=l&cat=p&typeid=i","cat":284958},{"id":246918,"n":"Lentilles vertes Notre Jardin 600g","p":1.99,"u":"3,32 €/KG","img":"https://fd8-photos.leclercdrive.fr/image.ashx?id=2873177&use=l&cat=p&typeid=i","cat":319805},{"id":246920,"n":"Pois chiches Notre Jardin 600g","p":1.7,"u":"2,83 €/KG","img":"https://fd8-photos.leclercdrive.fr/image.ashx?id=2873180&use=l&cat=p&typeid=i","cat":319805},{"id":247058,"n":"Les Mini Galettes Saint Michel Emmental - 100g","p":1.43,"u":"14,30 €/KG","img":"https://fd8-photos.leclercdrive.fr/image.ashx?id=2936278&use=l&cat=p&typeid=i","cat":297000},{"id":247059,"n":"Les minis galettes Saint Michel Comté - 100g","p":1.43,"u":"14,30 €/KG","img":"https://fd8-photos.leclercdrive.fr/image.ashx?id=2936281&use=l&cat=p&typeid=i","cat":297000},{"id":247060,"n":"Les Minis Galettes Saint Michel Tomates herbes de provence 100g","p":1.43,"u":"14,30 €/KG","img":"https://fd8-photos.leclercdrive.fr/image.ashx?id=2936284&use=l&cat=p&typeid=i","cat":297000},{"id":247061,"n":"Les minis pesto Saint Michel madeleines moelleuses  100g","p":1.43,"u":"14,30 €/KG","img":"https://fd8-photos.leclercdrive.fr/image.ashx?id=2936302&use=l&cat=p&typeid=i","cat":297000},{"id":247087,"n":"Duo blé riz sarrasin Jardin Bio 220g","p":1.9,"u":"8,64 €/KG","img":"https://fd8-photos.leclercdrive.fr/image.ashx?id=2849953&use=l&cat=p&typeid=i","cat":284953},{"id":247088,"n":"Velouté de tomates Jardin Bio Lentilles corail bio - 2X33cl","p":3.2,"u":"4,85 €/L","img":"https://fd8-photos.leclercdrive.fr/image.ashx?id=2849950&use=l&cat=p&typeid=i","cat":284462},{"id":247089,"n":"Mouliné de lentilles Jardin Bio bio 1L","p":2.69,"u":"2,69 €/L","img":"https://fd8-photos.leclercdrive.fr/image.ashx?id=2849947&use=l&cat=p&typeid=i","cat":284462},{"id":247091,"n":"Trio gourmand Jardin Bio Riz lentilles bio - 220g","p":1.95,"u":"8,86 €/KG","img":"https://fd8-photos.leclercdrive.fr/image.ashx?id=2849944&use=l&cat=p&typeid=i","cat":284953},{"id":247092,"n":"Blé à la tomate Jardin Bio Basilic - 220g","p":1.96,"u":"8,91 €/KG","img":"https://fd8-photos.leclercdrive.fr/image.ashx?id=2849941&use=l&cat=p&typeid=i","cat":284953},{"id":247096,"n":"Pad Thai Jardin Bio bio 220g","p":2.66,"u":"12,09 €/KG","img":"https://fd8-photos.leclercdrive.fr/image.ashx?id=2849935&use=l&cat=p&typeid=i","cat":284953},{"id":247143,"n":"Mini madeleines Saint Michel Provencale - 100g","p":1.43,"u":"14,30 €/KG","img":"https://fd8-photos.leclercdrive.fr/image.ashx?id=2936305&use=l&cat=p&typeid=i","cat":297000},{"id":247157,"n":"Crêpes fourrée Saint Michel x7 - 202g","p":1.41,"u":"6,98 €/KG","img":"https://fd8-photos.leclercdrive.fr/image.ashx?id=2999964&use=l&cat=p&typeid=i","cat":284494},{"id":247261,"n":"Shampooing Elsève Colorvive - 300ml","p":4.18,"u":"13,93 €/L","img":"https://fd8-photos.leclercdrive.fr/image.ashx?id=2850614&use=l&cat=p&typeid=i","cat":284606},{"id":247262,"n":"Shampooing Elsève Hyaluronique - 250ml","p":4.18,"u":"16,72 €/L","img":"https://fd8-photos.leclercdrive.fr/image.ashx?id=2869095&use=l&cat=p&typeid=i","cat":284606},{"id":247263,"n":"Shampooing Elsève Total repair 5 - 300ml","p":4.18,"u":"13,93 €/L","img":"https://fd8-photos.leclercdrive.fr/image.ashx?id=2850617&use=l&cat=p&typeid=i","cat":284606},{"id":247264,"n":"Shampooing Elseve Huile extraordinaire - 250ml","p":4.18,"u":"16,72 €/L","img":"https://fd8-photos.leclercdrive.fr/image.ashx?id=2868690&use=l&cat=p&typeid=i","cat":284606},{"id":247265,"n":"Shampooing Elseve Dream long - 250ml","p":4.18,"u":"16,72 €/L","img":"https://fd8-photos.leclercdrive.fr/image.ashx?id=2850623&use=l&cat=p&typeid=i","cat":284606},{"id":247269,"n":"Shampooing Elseve Nutri gloss - 300ml","p":4.18,"u":"13,93 €/L","img":"https://fd8-photos.leclercdrive.fr/image.ashx?id=2869089&use=l&cat=p&typeid=i","cat":284606},{"id":247270,"n":"Shampooing Elseve Multi-vitaminé - 300ml","p":4.18,"u":"13,93 €/L","img":"https://fd8-photos.leclercdrive.fr/image.ashx?id=2850629&use=l&cat=p&typeid=i","cat":284606},{"id":247271,"n":"Après-shampooing Elseve Color vive - 250ml","p":4.18,"u":"16,72 €/L","img":"https://fd8-photos.leclercdrive.fr/image.ashx?id=2850632&use=l&cat=p&typeid=i","cat":284607},{"id":247273,"n":"Démélant Elseve Hyaluronique Booster hydratation 72h - 200ml","p":4.18,"u":"20,90 €/L","img":"https://fd8-photos.leclercdrive.fr/image.ashx?id=2869092&use=l&cat=p&typeid=i","cat":284607},{"id":247274,"n":"Après-Shampooing Elseve Dream Long - 200ml","p":4.18,"u":"20,90 €/L","img":"https://fd8-photos.leclercdrive.fr/image.ashx?id=2850638&use=l&cat=p&typeid=i","cat":284607},{"id":247275,"n":"Après-shampooing Elseve Nutri gloss - 250ml","p":4.18,"u":"16,72 €/L","img":"https://fd8-photos.leclercdrive.fr/image.ashx?id=2850641&use=l&cat=p&typeid=i","cat":284607},{"id":247377,"n":"Oeufs en chocolats Libeert Lait caramel salé - 150g","p":5.28,"u":"35,20 €/KG","img":"https://fd8-photos.leclercdrive.fr/image.ashx?id=2850701&use=l&cat=p&typeid=i","cat":284958},{"id":247378,"n":"Oeufs en chocolats Libeert  Blanc / cookies & cream - 150g","p":5.28,"u":"35,20 €/KG","img":"https://fd8-photos.leclercdrive.fr/image.ashx?id=2862901&use=l&cat=p&typeid=i","cat":284958},{"id":247865,"n":"Shampooing Elsève Color vive  500ml","p":4.29,"u":"8,58 €/L","img":"https://fd8-photos.leclercdrive.fr/image.ashx?id=2853964&use=l&cat=p&typeid=i","cat":284606},{"id":247866,"n":"Shampooing Elsève Full resist  250ml","p":4.07,"u":"16,28 €/L","img":"https://fd8-photos.leclercdrive.fr/image.ashx?id=2853967&use=l&cat=p&typeid=i","cat":284606},{"id":247867,"n":"Shampooing Elsève Huile  extraordinaire Coco - 250ml","p":3.42,"u":"13,68 €/L","img":"https://fd8-photos.leclercdrive.fr/image.ashx?id=2853970&use=l&cat=p&typeid=i","cat":284606},{"id":247869,"n":"Shampooing Elsève Huile  extraordinaire amla -250ml","p":4.79,"u":"19,16 €/L","img":"https://fd8-photos.leclercdrive.fr/image.ashx?id=2853973&use=l&cat=p&typeid=i","cat":284606},{"id":247871,"n":"Shampooing Elsève  Liss intense -300ml","p":3.42,"u":"11,40 €/L","img":"https://fd8-photos.leclercdrive.fr/image.ashx?id=2853976&use=l&cat=p&typeid=i","cat":284606},{"id":247873,"n":"Shampooing Elsève Fibralogy Volume - 300ml","p":3.42,"u":"11,40 €/L","img":"https://fd8-photos.leclercdrive.fr/image.ashx?id=2870686&use=l&cat=p&typeid=i","cat":284606},{"id":247874,"n":"Savon liquide Le Naturel  Extra pur de Marseille -500ml","p":2.69,"u":"5,38 €/L","img":"https://fd8-photos.leclercdrive.fr/image.ashx?id=2869119&use=l&cat=p&typeid=i","cat":284597},{"id":247878,"n":"Savon liquide Le Natural  Recharge Savon de Marseille -1l","p":5.09,"u":"5,09 €/L","img":"https://fd8-photos.leclercdrive.fr/image.ashx?id=2869122&use=l&cat=p&typeid=i","cat":284597},{"id":247879,"n":"Adoucissant Soupline Concentré Grand air - 1.9L","p":9.15,"u":"4,82 €/L","img":"https://fd8-photos.leclercdrive.fr/image.ashx?id=2966800&use=l&cat=p&typeid=i","cat":284650},{"id":247881,"n":"Adoucissant concentré Soupline  Douceur des Alpes -0,9L","p":3.7,"u":"4,11 €/L","img":"https://fd8-photos.leclercdrive.fr/image.ashx?id=2854825&use=l&cat=p&typeid=i","cat":284650},{"id":248126,"n":"Abricot sec JA 500g","p":3.89,"u":"7,78 €/KG","img":"https://fd8-photos.leclercdrive.fr/image.ashx?id=2997004&use=l&cat=p&typeid=i","cat":284357},{"id":248328,"n":"Recharge Crème de douche  Le Petit Marseillais Lait 500ml","p":2.77,"u":"5,54 €/L","img":"https://fd8-photos.leclercdrive.fr/image.ashx?id=2855957&use=l&cat=p&typeid=i","cat":284594},{"id":248329,"n":"Recharge Crème de douche Fleur d'oranger - 500ml","p":2.77,"u":"5,54 €/L","img":"https://fd8-photos.leclercdrive.fr/image.ashx?id=2855960&use=l&cat=p&typeid=i","cat":284594},{"id":248330,"n":"Recharge Crème de douche Lait d'amande - 500ml","p":2.99,"u":"5,98 €/L","img":"https://fd8-photos.leclercdrive.fr/image.ashx?id=2855963&use=l&cat=p&typeid=i","cat":284594},{"id":248340,"n":"Recharge Crème de douche Le Petit Marseillais Vanille 500ml","p":2.85,"u":"5,70 €/L","img":"https://fd8-photos.leclercdrive.fr/image.ashx?id=2855966&use=l&cat=p&typeid=i","cat":284594},{"id":248341,"n":"Shampooing Garnier Merveilleux - Recharge 250ml","p":1.6,"u":"6,40 €/L","img":"https://fd8-photos.leclercdrive.fr/image.ashx?id=2904254&use=l&cat=p&typeid=i","cat":284606},{"id":248343,"n":"Masque capillaire Fructis Méthode boucles - 370ml","p":6.37,"u":"17,22 €/L","img":"https://fd8-photos.leclercdrive.fr/image.ashx?id=2867107&use=l&cat=p&typeid=i","cat":284608},{"id":248345,"n":"Bandes de cire visage Veet Peaux sensibles - x16","p":5.34,"img":"https://fd8-photos.leclercdrive.fr/image.ashx?id=2901668&use=l&cat=p&typeid=i","cat":325351},{"id":248542,"n":"Mangue 1p","p":1.99,"img":"https://fd8-photos.leclercdrive.fr/image.ashx?id=1636371&use=l&cat=p&typeid=i","cat":284356},{"id":248545,"n":"Chou-fleur blanc 1p","p":1.49,"img":"https://fd8-photos.leclercdrive.fr/image.ashx?id=1631991&use=l&cat=p&typeid=i","cat":284352},{"id":248546,"n":"Feuille de chêne blonde 1p","p":0.81,"img":"https://fd8-photos.leclercdrive.fr/image.ashx?id=1633646&use=l&cat=p&typeid=i","cat":284352},{"id":248584,"n":"Ananas Extra Sweet 1p","p":2.79,"img":"https://fd8-photos.leclercdrive.fr/image.ashx?id=2856700&use=l&cat=p&typeid=i","cat":284356},{"id":248823,"n":"Sauce algérienne Rustica 260g","p":1.67,"u":"6,42 €/KG","img":"https://fd8-photos.leclercdrive.fr/image.ashx?id=2954397&use=l&cat=p&typeid=i","cat":318431},{"id":248827,"n":"Pains au lait Epi d'or x15 - 525g","p":1.78,"u":"3,39 €/KG","img":"https://fd8-photos.leclercdrive.fr/image.ashx?id=2893337&use=l&cat=p&typeid=i","cat":296366},{"id":249019,"n":"Lessive liquide Xéor Savon de Marseille - 2.2L","p":3.89,"u":"1,77 €/L","img":"https://fd8-photos.leclercdrive.fr/image.ashx?id=2901500&use=l&cat=p&typeid=i","cat":284640},{"id":249021,"n":"Lessive liquide Xéor Savon de Marseille - 1.2L","p":2.12,"u":"1,77 €/L","img":"https://fd8-photos.leclercdrive.fr/image.ashx?id=2901503&use=l&cat=p&typeid=i","cat":284640},{"id":249037,"n":"Spray Huile d'amande douce Biolane 75ml","p":2.49,"u":"33,20 €/L","img":"https://fd8-photos.leclercdrive.fr/image.ashx?id=2893705&use=l&cat=p&typeid=i","cat":284741},{"id":249039,"n":"Lingettes au lait de toilette  Biolane x72","p":3.85,"u":"0,05 €/P","img":"https://fd8-photos.leclercdrive.fr/image.ashx?id=2875381&use=l&cat=p&typeid=i","cat":284738},{"id":249040,"n":"Crème nourrissante et hydratant Biolane 100ml","p":2.59,"u":"25,90 €/L","img":"https://fd8-photos.leclercdrive.fr/image.ashx?id=2893699&use=l&cat=p&typeid=i","cat":284741},{"id":249041,"n":"Crème de change dermo-pédiatrie Biolane 100ml","p":2.15,"u":"21,50 €/L","img":"https://fd8-photos.leclercdrive.fr/image.ashx?id=2893702&use=l&cat=p&typeid=i","cat":284741},{"id":249173,"n":"Riz basmati Taureau Ailé 1kg","p":4.97,"u":"4,97 €/KG","img":"https://fd8-photos.leclercdrive.fr/image.ashx?id=2860457&use=l&cat=p&typeid=i","cat":284428},{"id":249595,"n":"Glace Carte d'Or Vanille pécan caramel - 470g","p":3.2,"u":"6,81 €/KG","img":"https://fd8-photos.leclercdrive.fr/image.ashx?id=2861216&use=l&cat=p&typeid=i","cat":284263},{"id":249596,"n":"Glace Carte d'Or Cookie & Chocolat - 457g","p":3.3,"u":"7,22 €/KG","img":"https://fd8-photos.leclercdrive.fr/image.ashx?id=2861213&use=l&cat=p&typeid=i","cat":284263},{"id":249598,"n":"Glace Carte d'Or Façon smoothie Exotique - 466g","p":3.9,"u":"8,37 €/KG","img":"https://fd8-photos.leclercdrive.fr/image.ashx?id=2861210&use=l&cat=p&typeid=i","cat":284263},{"id":249599,"n":"Glace Carte d'Or Façon yaourt  Fruits des bois - 480g","p":3.9,"u":"8,13 €/KG","img":"https://fd8-photos.leclercdrive.fr/image.ashx?id=2861219&use=l&cat=p&typeid=i","cat":284263},{"id":249853,"n":"Choco Mallow Lutti 250g","p":3.5,"u":"14,00 €/KG","img":"https://fd8-photos.leclercdrive.fr/image.ashx?id=2994533&use=l&cat=p&typeid=i","cat":304250},{"id":249854,"n":"Oeuf flamme Dragon Ball Z 165g","p":8.95,"u":"54,24 €/KG","img":"https://fd8-photos.leclercdrive.fr/image.ashx?id=2867232&use=l&cat=p&typeid=i","cat":284958},{"id":249872,"n":"Oeuf flamme Batman 165g","p":8.95,"u":"54,24 €/KG","img":"https://fd8-photos.leclercdrive.fr/image.ashx?id=2865485&use=l&cat=p&typeid=i","cat":284958},{"id":249956,"n":"Perles de linge Soupline  Grand air - 460g","p":10.81,"img":"https://fd8-photos.leclercdrive.fr/image.ashx?id=2861833&use=l&cat=p&typeid=i","cat":284650},{"id":249957,"n":"Risotto aux champignons Knorr 175g","p":1.62,"u":"9,26 €/KG","img":"https://fd8-photos.leclercdrive.fr/image.ashx?id=2938349&use=l&cat=p&typeid=i","cat":284428},{"id":249958,"n":"Risotto classique Knorr 12min - 175g","p":1.62,"u":"9,26 €/KG","img":"https://fd8-photos.leclercdrive.fr/image.ashx?id=3011956&use=l&cat=p&typeid=i","cat":284428},{"id":249961,"n":"Risotto aux asperges Knorr 12min - 175g","p":1.62,"u":"9,26 €/KG","img":"https://fd8-photos.leclercdrive.fr/image.ashx?id=2964255&use=l&cat=p&typeid=i","cat":284428},{"id":249962,"n":"Risotto pointe de safran Knorr 12min - 175g","p":1.62,"u":"9,26 €/KG","img":"https://fd8-photos.leclercdrive.fr/image.ashx?id=2918116&use=l&cat=p&typeid=i","cat":284428},{"id":249964,"n":"Gourdes Douceur du Verger Fruits jaunes - 12x90g","p":4.39,"u":"4,06 €/KG","img":"https://fd8-photos.leclercdrive.fr/image.ashx?id=2934790&use=l&cat=p&typeid=i","cat":284508},{"id":249965,"n":"Gourdes Douceur du Verger 12x90g","p":4.19,"u":"3,88 €/KG","img":"https://fd8-photos.leclercdrive.fr/image.ashx?id=2934787&use=l&cat=p&typeid=i","cat":284508},{"id":249966,"n":"Gourdes Douceur du Verger 20x90g","p":4.89,"u":"2,72 €/KG","img":"https://fd8-photos.leclercdrive.fr/image.ashx?id=2934784&use=l&cat=p&typeid=i","cat":284508},{"id":249967,"n":"Pain sandwich au beurre Harry's x8 - 360g","p":2.89,"u":"8,03 €/KG","img":"https://fd8-photos.leclercdrive.fr/image.ashx?id=2861506&use=l&cat=p&typeid=i","cat":284477},{"id":249968,"n":"Pain sandwich nature Harry's  x8 - 360g","p":2.59,"u":"7,19 €/KG","img":"https://fd8-photos.leclercdrive.fr/image.ashx?id=2861503&use=l&cat=p&typeid=i","cat":284477},{"id":249994,"n":"Adoucissant Soupline  Hypoallergenique - 880ml","p":5.4,"u":"6,14 €/L","img":"https://fd8-photos.leclercdrive.fr/image.ashx?id=2863923&use=l&cat=p&typeid=i","cat":284650},{"id":250007,"n":"Boisson aux fruits Jafun Tropical - 6x33cl","p":3.03,"u":"1,53 €/L","img":"https://fd8-photos.leclercdrive.fr/image.ashx?id=2992603&use=l&cat=p&typeid=i","cat":295018},{"id":250026,"n":"Sauce samourai Rustica 260g","p":1.39,"u":"5,35 €/KG","img":"https://fd8-photos.leclercdrive.fr/image.ashx?id=2955074&use=l&cat=p&typeid=i","cat":318431},{"id":250151,"n":"Sauce frites Rustica 260g","p":1.29,"u":"4,96 €/KG","img":"https://fd8-photos.leclercdrive.fr/image.ashx?id=2954403&use=l&cat=p&typeid=i","cat":318431},{"id":250158,"n":"Crème hydratante So Bio Etic Booster d'éclat Bio 50ml","p":9.87,"u":"197,40 €/L","img":"https://fd8-photos.leclercdrive.fr/image.ashx?id=2863581&use=l&cat=p&typeid=i","cat":325350},{"id":250172,"n":"Sérum hydratant So Bio Etic Fortifiant repulpant Bio - 30ml","p":13.0,"u":"433,33 €/L","img":"https://fd8-photos.leclercdrive.fr/image.ashx?id=2863584&use=l&cat=p&typeid=i","cat":325345},{"id":250173,"n":"Sauce burger Rustica 500g","p":1.87,"u":"3,74 €/KG","img":"https://fd8-photos.leclercdrive.fr/image.ashx?id=2955065&use=l&cat=p&typeid=i","cat":318431},{"id":250187,"n":"Crème douceur nuit So Bio Etic Régénérante - Anesse Bio 50ml","p":10.79,"u":"215,80 €/L","img":"https://fd8-photos.leclercdrive.fr/image.ashx?id=2863587&use=l&cat=p&typeid=i","cat":325345},{"id":250406,"n":"Sérum capillaire So Bio Etic Karité bio équitable - 100ml","p":8.06,"u":"80,60 €/L","img":"https://fd8-photos.leclercdrive.fr/image.ashx?id=2864104&use=l&cat=p&typeid=i","cat":284608},{"id":250410,"n":"Eau micellaire So Bio Etic Tous types de peaux Bio 300ml","p":3.97,"u":"13,23 €/L","img":"https://fd8-photos.leclercdrive.fr/image.ashx?id=2864095&use=l&cat=p&typeid=i","cat":284603},{"id":250433,"n":"Adoucissant  Soupline concentré Coco Envoûtant - 835ml","p":4.2,"u":"5,03 €/L","img":"https://fd8-photos.leclercdrive.fr/image.ashx?id=2864224&use=l&cat=p&typeid=i","cat":284650},{"id":250435,"n":"Adoucissant concentré Soupline Ultra Vanille - 835ml","p":4.2,"u":"5,03 €/L","img":"https://fd8-photos.leclercdrive.fr/image.ashx?id=2864221&use=l&cat=p&typeid=i","cat":284650},{"id":250820,"n":"Gnocchini à poêler Lustucru 2x300g + 1 offert","p":3.19,"u":"3,54 €/KG","img":"https://fd8-photos.leclercdrive.fr/image.ashx?id=2939493&use=l&cat=p&typeid=i","cat":333682},{"id":250856,"n":"Steaks végétal Végé Blé & Pois x2 - 200g","p":2.99,"u":"14,95 €/KG","img":"https://fd8-photos.leclercdrive.fr/image.ashx?id=2932686&use=l&cat=p&typeid=i","cat":316036},{"id":251139,"n":"Sachet Oeufs assortis Zaini Gianduia - 400g","p":5.93,"u":"39,53 €/KG","img":"https://fd8-photos.leclercdrive.fr/image.ashx?id=2866508&use=l&cat=p&typeid=i","cat":284958},{"id":251144,"n":"Oeufs chocolats lait Gianduia 400g","p":5.93,"u":"14,83 €/KG","img":"https://fd8-photos.leclercdrive.fr/image.ashx?id=2868185&use=l&cat=p&typeid=i","cat":284499},{"id":251150,"n":"Oeuf en chocolat Hello Kitty chocolat lait 60g","p":2.42,"u":"40,33 €/KG","img":"https://fd8-photos.leclercdrive.fr/image.ashx?id=2974656&use=l&cat=p&typeid=i","cat":284958},{"id":251151,"n":"Oeuf surprise Naruto  60g","p":2.55,"u":"42,50 €/KG","img":"https://fd8-photos.leclercdrive.fr/image.ashx?id=2975467&use=l&cat=p&typeid=i","cat":284958},{"id":251152,"n":"Œuf flamme chocolat  Pat Patrouille - 60g","p":2.55,"u":"42,50 €/KG","img":"https://fd8-photos.leclercdrive.fr/image.ashx?id=2869708&use=l&cat=p&typeid=i","cat":284958},{"id":251277,"n":"Tablette lave-vaisselle Sun Tout en 1","p":12.97,"u":"12,97 €/KG","img":"https://fd8-photos.leclercdrive.fr/image.ashx?id=2867241&use=l&cat=p&typeid=i","cat":284656},{"id":251383,"n":"Saucisses végétales Végé x4 - 200g","p":2.12,"u":"10,60 €/KG","img":"https://fd8-photos.leclercdrive.fr/image.ashx?id=2932689&use=l&cat=p&typeid=i","cat":316036},{"id":251414,"n":"Bol en céramique Princess & Pet 80g","p":4.02,"u":"50,25 €/KG","img":"https://fd8-photos.leclercdrive.fr/image.ashx?id=2867845&use=l&cat=p&typeid=i","cat":284958},{"id":251522,"n":"Boisson énergisante Celsius Pêche - 35,5cl","p":1.4,"u":"3,94 €/L","img":"https://fd8-photos.leclercdrive.fr/image.ashx?id=2905021&use=l&cat=p&typeid=i","cat":284533},{"id":251990,"n":"Patch invisible visage Garnier Anti-acné - x22","p":7.99,"img":"https://fd8-photos.leclercdrive.fr/image.ashx?id=3000794&use=l&cat=p&typeid=i","cat":325345},{"id":251996,"n":"Perles de linge Soupline Adoucissant - Vanille - 230g","p":7.52,"u":"32,70 €/KG","img":"https://fd8-photos.leclercdrive.fr/image.ashx?id=2868608&use=l&cat=p&typeid=i","cat":284650},{"id":252001,"n":"Gel douche Tahiti Vanille & amande - 250ml","p":2.67,"u":"10,68 €/L","img":"https://fd8-photos.leclercdrive.fr/image.ashx?id=2919451&use=l&cat=p&typeid=i","cat":284594},{"id":252005,"n":"Spray nasal Biolane Eaux thermale et mer - 100ml","p":4.2,"u":"42,00 €/L","img":"https://fd8-photos.leclercdrive.fr/image.ashx?id=2903224&use=l&cat=p&typeid=i","cat":289435},{"id":252006,"n":"Nettoyant visage Revitalift Hydratant et lissant - 150ml","p":6.48,"u":"43,20 €/L","img":"https://fd8-photos.leclercdrive.fr/image.ashx?id=2874006&use=l&cat=p&typeid=i","cat":284603},{"id":252008,"n":"Sérum visage Revitalift Laser Correcteur anti-âge -30ml","p":13.19,"u":"439,67 €/L","img":"https://fd8-photos.leclercdrive.fr/image.ashx?id=2874024&use=l&cat=p&typeid=i","cat":325345},{"id":252106,"n":"Gel corps et cheveux Biolane 350ml","p":5.31,"u":"15,17 €/L","img":"https://fd8-photos.leclercdrive.fr/image.ashx?id=2868975&use=l&cat=p&typeid=i","cat":284740},{"id":252109,"n":"Duo sérum anti-âge L'Oréal Age perfect - 30ml","p":24.5,"pp":16.17,"u":"539,00 €/L","img":"https://fd8-photos.leclercdrive.fr/image.ashx?id=2874003&use=l&cat=p&typeid=i","cat":325345},{"id":252112,"n":"Soin anti-tâches L'Oréal Paris Bright Reveal SPF50+ - 50ml","p":19.99,"u":"399,80 €/L","img":"https://fd8-photos.leclercdrive.fr/image.ashx?id=2903428&use=l&cat=p&typeid=i","cat":325345},{"id":252113,"n":"Fluide anti-uv L'Oréal Medium SPF50 50ml","p":19.99,"u":"399,80 €/L","img":"https://fd8-photos.leclercdrive.fr/image.ashx?id=2874009&use=l&cat=p&typeid=i","cat":325345},{"id":252119,"n":"Gel moussant purifiant L'Oréal Men Expert - 260ml","p":9.89,"u":"38,04 €/L","img":"https://fd8-photos.leclercdrive.fr/image.ashx?id=2874012&use=l&cat=p&typeid=i","cat":284622},{"id":252120,"n":"Crème hydratante L'Oréal Bright Reveal - SPF50 - 50ml","p":13.19,"u":"263,80 €/L","img":"https://fd8-photos.leclercdrive.fr/image.ashx?id=2874015&use=l&cat=p&typeid=i","cat":284622},{"id":252125,"n":"Soin hydratant L'Oréal Matifiant - SPF30 - 40ml","p":11.99,"u":"299,75 €/L","img":"https://fd8-photos.leclercdrive.fr/image.ashx?id=3008785&use=l&cat=p&typeid=i","cat":284622},{"id":252127,"n":"Sérum anti-imperfection L'oréal Men expert - 30ml","p":13.99,"u":"466,33 €/L","img":"https://fd8-photos.leclercdrive.fr/image.ashx?id=2874021&use=l&cat=p&typeid=i","cat":284622},{"id":252129,"n":"Spray nettoyant multi-usage Cif  Infinite+Clean Brillance-280ml","p":4.21,"u":"15,04 €/L","img":"https://fd8-photos.leclercdrive.fr/image.ashx?id=2872234&use=l&cat=p&typeid=i","cat":325357},{"id":252133,"n":"Spray nettoyant multi-usage CIF Infinite+Clean 280ml","p":4.69,"u":"16,75 €/L","img":"https://fd8-photos.leclercdrive.fr/image.ashx?id=2948546&use=l&cat=p&typeid=i","cat":325357},{"id":252134,"n":"Recharge Spray nettoyant CIF Infinite+Clean Protection 590ml","p":4.77,"u":"8,08 €/L","img":"https://fd8-photos.leclercdrive.fr/image.ashx?id=2948549&use=l&cat=p&typeid=i","cat":325357},{"id":252136,"n":"Recharge Spray nettoyant CIF Infinite+Clean Brillance 590ml","p":3.6,"u":"6,10 €/L","img":"https://fd8-photos.leclercdrive.fr/image.ashx?id=2940675&use=l&cat=p&typeid=i","cat":325357},{"id":252137,"n":"Recharge Spray nettoyant CIF Infinite+Clean 590ml","p":4.54,"u":"7,69 €/L","img":"https://fd8-photos.leclercdrive.fr/image.ashx?id=2974066&use=l&cat=p&typeid=i","cat":325357},{"id":252579,"n":"Sacs poubelle Handy Bag Lien résistant - 30L x15 - 100%","p":2.29,"img":"https://fd8-photos.leclercdrive.fr/image.ashx?id=2871079&use=l&cat=p&typeid=i","cat":285168},{"id":252807,"n":"Laque Elnett Cheveux colorés - 300ml","p":8.19,"u":"27,30 €/L","img":"https://fd8-photos.leclercdrive.fr/image.ashx?id=2872928&use=l&cat=p&typeid=i","cat":284609},{"id":253236,"n":"Crème de douche So Bio Etic Lait d'ânesse Bio - 450ml","p":5.79,"u":"12,87 €/L","img":"https://fd8-photos.leclercdrive.fr/image.ashx?id=2876704&use=l&cat=p&typeid=i","cat":284594},{"id":253339,"n":"Croque Monsieur Herta Chèvre jambon - 310g","p":2.59,"u":"8,35 €/KG","img":"https://fd8-photos.leclercdrive.fr/image.ashx?id=2877745&use=l&cat=p&typeid=i","cat":333671},{"id":253342,"n":"Croque-Monsieur Herta  Maxi Montagnard x2 - 310g","p":2.59,"u":"8,35 €/KG","img":"https://fd8-photos.leclercdrive.fr/image.ashx?id=2877748&use=l&cat=p&typeid=i","cat":333671},{"id":253479,"n":"Eau Minérale Lutecia Magnésium 6X1L","p":3.3,"u":"3,30 €/L","img":"https://fd8-photos.leclercdrive.fr/image.ashx?id=3000225&use=l&cat=p&typeid=i","cat":284535},{"id":253571,"n":"Bols Mots d'Enfants - 2x200g  Tomates, pâtes et boeuf dès 8M","p":2.39,"u":"5,98 €/KG","img":"https://fd8-photos.leclercdrive.fr/image.ashx?id=2892358&use=l&cat=p&typeid=i","cat":312236},{"id":253575,"n":"Bols Mots d'Enfants - 2x200g  Parmentier de cabillaud dès 8M","p":2.09,"u":"5,23 €/KG","img":"https://fd8-photos.leclercdrive.fr/image.ashx?id=2892361&use=l&cat=p&typeid=i","cat":312236},{"id":253581,"n":"Bols Mots d'Enfants - 2x200g  Purée de légumes dès 8M","p":1.69,"u":"4,23 €/KG","img":"https://fd8-photos.leclercdrive.fr/image.ashx?id=2892364&use=l&cat=p&typeid=i","cat":312236},{"id":253677,"n":"Bols Mots d'Enfants - 2x200g  Pâtes, épinards et crème dès 8M","p":2.29,"u":"5,73 €/KG","img":"https://fd8-photos.leclercdrive.fr/image.ashx?id=2892367&use=l&cat=p&typeid=i","cat":312236},{"id":253678,"n":"Assiette Mots d'Enfants - 230g Spaghetti bolognaise dès 12M","p":1.39,"u":"6,04 €/KG","img":"https://fd8-photos.leclercdrive.fr/image.ashx?id=2898050&use=l&cat=p&typeid=i","cat":312237},{"id":253679,"n":"Assiette Mots d'Enfants - 230g Hachis parmentier dès 12M","p":1.39,"u":"6,04 €/KG","img":"https://fd8-photos.leclercdrive.fr/image.ashx?id=2892370&use=l&cat=p&typeid=i","cat":312237},{"id":253682,"n":"Assiette Mots d'Enfants - 230g Légumes et macaroni dès 12M","p":1.39,"u":"6,04 €/KG","img":"https://fd8-photos.leclercdrive.fr/image.ashx?id=2892373&use=l&cat=p&typeid=i","cat":312237},{"id":253683,"n":"Assiette Mots d'Enfants - 250g Pommes de terre, poulet dès 15M","p":1.59,"u":"6,36 €/KG","img":"https://fd8-photos.leclercdrive.fr/image.ashx?id=2898053&use=l&cat=p&typeid=i","cat":312238},{"id":253684,"n":"Assiette Mots d'Enfants - 250g Pâtes, tomate et jambon dès 15M","p":1.59,"u":"6,36 €/KG","img":"https://fd8-photos.leclercdrive.fr/image.ashx?id=2892376&use=l&cat=p&typeid=i","cat":312238},{"id":253687,"n":"Assiette Mots d'Enfants - 250g Légumes et patate douce dès 15M","p":1.59,"u":"6,36 €/KG","img":"https://fd8-photos.leclercdrive.fr/image.ashx?id=2892388&use=l&cat=p&typeid=i","cat":312238},{"id":253689,"n":"Assiette Mots d'Enfants - 250g Pdt, fondue de poireaux dès 15M","p":1.59,"u":"6,36 €/KG","img":"https://fd8-photos.leclercdrive.fr/image.ashx?id=2892379&use=l&cat=p&typeid=i","cat":312238},{"id":253691,"n":"Assiette Mots d'Enfants - 250g Pâtes boeuf bourguignon dès 18M","p":1.69,"u":"6,76 €/KG","img":"https://fd8-photos.leclercdrive.fr/image.ashx?id=2892382&use=l&cat=p&typeid=i","cat":312238},{"id":253694,"n":"Assiette Mots d'Enfants - 250g Blanquette de volaille dès 18M","p":1.69,"u":"6,76 €/KG","img":"https://fd8-photos.leclercdrive.fr/image.ashx?id=2898056&use=l&cat=p&typeid=i","cat":312238},{"id":253699,"n":"Assiette Mots d'Enfants - 250g Ratatouille et boulgour dès 18M","p":1.69,"u":"6,76 €/KG","img":"https://fd8-photos.leclercdrive.fr/image.ashx?id=2892385&use=l&cat=p&typeid=i","cat":312238},{"id":253992,"n":"Gel douche L'Oréal Menexpert Hyaluronic power - 300ml","p":3.89,"u":"12,97 €/L","img":"https://fd8-photos.leclercdrive.fr/image.ashx?id=2874554&use=l&cat=p&typeid=i","cat":284619},{"id":254050,"n":"Bière Desperados Sunlight citron citron vert 3x33cl","p":3.39,"u":"3,42 €/L","img":"https://fd8-photos.leclercdrive.fr/image.ashx?id=2977987&use=l&cat=p&typeid=i","cat":334878},{"id":254378,"n":"Litière chats Tranquille La Carbonite - 7.1kg","p":6.91,"u":"1,15 €/L","img":"https://fd8-photos.leclercdrive.fr/image.ashx?id=2876788&use=l&cat=p&typeid=i","cat":284683},{"id":254391,"n":"Boisson énergisante Red Bull Zéro, 250ml","p":1.11,"u":"4,44 €/L","img":"https://fd8-photos.leclercdrive.fr/image.ashx?id=2877313&use=l&cat=p&typeid=i","cat":284533},{"id":254424,"n":"Mini oeuf flamme Pat Patrouille Stella - 45g","p":3.18,"u":"70,67 €/KG","img":"https://fd8-photos.leclercdrive.fr/image.ashx?id=2875843&use=l&cat=p&typeid=i","cat":284499},{"id":254427,"n":"Mini oeuf flamme Pat Patrouille Chase - 45g","p":3.18,"u":"70,67 €/KG","img":"https://fd8-photos.leclercdrive.fr/image.ashx?id=2875846&use=l&cat=p&typeid=i","cat":284499},{"id":254941,"n":"Bâtonnets Häagen-Dazs Cracking Macadamia x3 - 201g","p":3.85,"u":"19,15 €/KG","img":"https://fd8-photos.leclercdrive.fr/image.ashx?id=2876599&use=l&cat=p&typeid=i","cat":284265},{"id":254943,"n":"Bâtonnets Häagen-Dazs Salted Caramel x3 - 204g","p":2.97,"u":"14,56 €/KG","img":"https://fd8-photos.leclercdrive.fr/image.ashx?id=2876608&use=l&cat=p&typeid=i","cat":284265},{"id":254944,"n":"Bâtonnets Häagen-Dazs  Cookies & Cream x3 - 192g","p":2.97,"u":"15,47 €/KG","img":"https://fd8-photos.leclercdrive.fr/image.ashx?id=2876602&use=l&cat=p&typeid=i","cat":284265},{"id":254949,"n":"Bâtonnets Häagen-Dazs Smooth Vanilla x3 - 192g","p":2.97,"u":"15,47 €/KG","img":"https://fd8-photos.leclercdrive.fr/image.ashx?id=2876605&use=l&cat=p&typeid=i","cat":284265},{"id":255190,"n":"Déodorant bille Monsavon Fleur de lotus - 2x50ml","p":4.78,"u":"47,80 €/L","img":"https://fd8-photos.leclercdrive.fr/image.ashx?id=2879664&use=l&cat=p&typeid=i","cat":284595},{"id":255197,"n":"Préservatifs Durex Classic jeans - x12","p":6.13,"img":"https://fd8-photos.leclercdrive.fr/image.ashx?id=2878792&use=l&cat=p&typeid=i","cat":284631},{"id":255669,"n":"Recharge Gel douche Pêche Blanche bio & Nectar 500ml","p":2.85,"u":"5,70 €/L","img":"https://fd8-photos.leclercdrive.fr/image.ashx?id=2880411&use=l&cat=p&typeid=i","cat":284594},{"id":255671,"n":"Recharge Gel douche extra-doux Verveine Bio & citron bio 500ml","p":3.01,"u":"6,02 €/L","img":"https://fd8-photos.leclercdrive.fr/image.ashx?id=2880414&use=l&cat=p&typeid=i","cat":284594},{"id":255672,"n":"Recharge gel douche homme Minereaux & bois de cèdre 500ml","p":2.77,"u":"5,54 €/L","img":"https://fd8-photos.leclercdrive.fr/image.ashx?id=2880417&use=l&cat=p&typeid=i","cat":284594},{"id":255688,"n":"Recharge gel douche homme Pin maritime & eucalyptus 500ml","p":2.77,"u":"5,54 €/L","img":"https://fd8-photos.leclercdrive.fr/image.ashx?id=2880420&use=l&cat=p&typeid=i","cat":284619},{"id":255696,"n":"Déodorant spray homme Axe Apollo - 200ml","p":3.99,"u":"19,95 €/L","img":"https://fd8-photos.leclercdrive.fr/image.ashx?id=2985663&use=l&cat=p&typeid=i","cat":284618},{"id":255697,"n":"Déodorant spray homme Axe Black - 200ml","p":3.75,"u":"18,75 €/L","img":"https://fd8-photos.leclercdrive.fr/image.ashx?id=2880609&use=l&cat=p&typeid=i","cat":284618},{"id":255957,"n":"Déodorant spray homme Axe Dark temptation - 200ml","p":3.75,"u":"18,75 €/L","img":"https://fd8-photos.leclercdrive.fr/image.ashx?id=2881536&use=l&cat=p&typeid=i","cat":284618},{"id":255969,"n":"Déodorant spray homme Axe Provocation - 200ml","p":3.75,"u":"18,75 €/L","img":"https://fd8-photos.leclercdrive.fr/image.ashx?id=2881542&use=l&cat=p&typeid=i","cat":284618},{"id":255978,"n":"Déodorant spray homme Axe Ice cool - 200ml","p":4.31,"u":"21,55 €/L","img":"https://fd8-photos.leclercdrive.fr/image.ashx?id=2881548&use=l&cat=p&typeid=i","cat":284618},{"id":256485,"n":"Gel douche homme Axe Supreme Dark temptation - 5-en-1 250ml","p":2.79,"u":"11,16 €/L","img":"https://fd8-photos.leclercdrive.fr/image.ashx?id=2882935&use=l&cat=p&typeid=i","cat":284619},{"id":256486,"n":"Gel douche homme Axe Supreme Provocation - 5-en-1 250ml","p":2.23,"u":"8,92 €/L","img":"https://fd8-photos.leclercdrive.fr/image.ashx?id=2992365&use=l&cat=p&typeid=i","cat":284619},{"id":256516,"n":"Riz à l'indien  Traditions d'Asie - 400g","p":4.27,"u":"10,68 €/KG","img":"https://fd8-photos.leclercdrive.fr/image.ashx?id=2882749&use=l&cat=p&typeid=i","cat":333665},{"id":256581,"n":"AOP Bergerac Vin rouge - BIB - 3L","p":11.95,"u":"3,98 €/L","img":"https://fd8-photos.leclercdrive.fr/image.ashx?id=2883119&use=l&cat=p&typeid=i","cat":289556},{"id":256587,"n":"AOP Buzet Vin rouge - Bag in box - 3L","p":11.95,"u":"3,98 €/L","img":"https://fd8-photos.leclercdrive.fr/image.ashx?id=2891076&use=l&cat=p&typeid=i","cat":289556},{"id":256783,"n":"Laque Elnett Cheveux secs - 300ml","p":6.77,"u":"22,57 €/L","img":"https://fd8-photos.leclercdrive.fr/image.ashx?id=2883152&use=l&cat=p&typeid=i","cat":284609},{"id":256784,"n":"Lait corps Mixa Panthénol Confort - 400ml","p":6.78,"u":"16,95 €/L","img":"https://fd8-photos.leclercdrive.fr/image.ashx?id=2883161&use=l&cat=p&typeid=i","cat":325349},{"id":257022,"n":"Diffuseur Raid Max Night & Day Anti-moustiques - 27ml","p":12.11,"u":"448,52 €/L","img":"https://fd8-photos.leclercdrive.fr/image.ashx?id=2967388&use=l&cat=p&typeid=i","cat":298368},{"id":257023,"n":"Recharge Raid Max Night & Day Anti-moustiques - 2x27ml","p":16.35,"u":"302,78 €/L","img":"https://fd8-photos.leclercdrive.fr/image.ashx?id=2884741&use=l&cat=p&typeid=i","cat":298368},{"id":257026,"n":"Spirale anti-moustiques Raid Max - Usage extérieur - x10","p":2.49,"img":"https://fd8-photos.leclercdrive.fr/image.ashx?id=2884750&use=l&cat=p&typeid=i","cat":298368},{"id":257027,"n":"Spray Raid Max Fourmis & cafards - 500ml","p":7.39,"u":"14,78 €/L","img":"https://fd8-photos.leclercdrive.fr/image.ashx?id=2884747&use=l&cat=p&typeid=i","cat":298368},{"id":257028,"n":"Gel Anti-mites Raid Max Senteur bois de cèdre - x2","p":4.99,"img":"https://fd8-photos.leclercdrive.fr/image.ashx?id=2884756&use=l&cat=p&typeid=i","cat":298368},{"id":257031,"n":"Gel anti-mites Raid Max Senteur lavande - x2","p":4.99,"img":"https://fd8-photos.leclercdrive.fr/image.ashx?id=2884753&use=l&cat=p&typeid=i","cat":298368},{"id":257034,"n":"Spray Autan Family care Anti-moustiques - 100ml","p":5.84,"u":"58,40 €/L","img":"https://fd8-photos.leclercdrive.fr/image.ashx?id=2884744&use=l&cat=p&typeid=i","cat":299654},{"id":257036,"n":"Spray enfant Autan Anti-moustiques - 100ml","p":7.49,"u":"74,90 €/L","img":"https://fd8-photos.leclercdrive.fr/image.ashx?id=2884735&use=l&cat=p&typeid=i","cat":299654},{"id":257038,"n":"Gel douche homme Axe Supreme Provocation - 5-en-1 - 400ml","p":2.84,"u":"7,10 €/L","img":"https://fd8-photos.leclercdrive.fr/image.ashx?id=2884924&use=l&cat=p&typeid=i","cat":284619},{"id":257039,"n":"Gel douche homme Axe supreme Dark temptation 5-en-1 - 400m","p":2.84,"u":"7,10 €/L","img":"https://fd8-photos.leclercdrive.fr/image.ashx?id=2884921&use=l&cat=p&typeid=i","cat":284619},{"id":257043,"n":"Gel douche homme Axe Black vanilla - 225ml","p":2.79,"u":"12,40 €/L","img":"https://fd8-photos.leclercdrive.fr/image.ashx?id=2908387&use=l&cat=p&typeid=i","cat":284619},{"id":257045,"n":"Gel douche homme Axe supreme Lendemain difficile - 400ml","p":3.23,"u":"8,08 €/L","img":"https://fd8-photos.leclercdrive.fr/image.ashx?id=2884918&use=l&cat=p&typeid=i","cat":284619},{"id":257046,"n":"Gel douche homme Axe Cherry fizz - 225ml","p":2.14,"u":"9,51 €/L","img":"https://fd8-photos.leclercdrive.fr/image.ashx?id=2908390&use=l&cat=p&typeid=i","cat":284619},{"id":257049,"n":"Déodorant spray homme Axe Cherry fizz - 150ml","p":4.2,"u":"28,00 €/L","img":"https://fd8-photos.leclercdrive.fr/image.ashx?id=3011953&use=l&cat=p&typeid=i","cat":284618},{"id":257050,"n":"Déodorant spray homme Axe Cocoa velvet - 150ml","p":5.04,"u":"33,60 €/L","img":"https://fd8-photos.leclercdrive.fr/image.ashx?id=2896468&use=l&cat=p&typeid=i","cat":284618},{"id":257074,"n":"Gnocchi à poêler Lustucru Extra jambon fromage 300g","p":2.39,"u":"7,97 €/KG","img":"https://fd8-photos.leclercdrive.fr/image.ashx?id=2884387&use=l&cat=p&typeid=i","cat":333682},{"id":257076,"n":"Gnocchi à poêler Lustucru Extra fromage 300g","p":2.29,"u":"7,63 €/KG","img":"https://fd8-photos.leclercdrive.fr/image.ashx?id=2886013&use=l&cat=p&typeid=i","cat":333682},{"id":257077,"n":"Fromage enfant Mini Babybel  16 portions goûter - 352g","p":5.89,"u":"16,73 €/KG","img":"https://fd8-photos.leclercdrive.fr/image.ashx?id=2935840&use=l&cat=p&typeid=i","cat":314030},{"id":257172,"n":"Pizza Crousti-Fine Marie Chorizo paprika - 400g","p":3.46,"u":"8,65 €/KG","img":"https://fd8-photos.leclercdrive.fr/image.ashx?id=2996731&use=l&cat=p&typeid=i","cat":284256},{"id":257201,"n":"Préservatifs Durex Intensity - x10","p":12.37,"img":"https://fd8-photos.leclercdrive.fr/image.ashx?id=2962035&use=l&cat=p&typeid=i","cat":284631},{"id":257202,"n":"Préservatifs Durex Intensity XL - x10","p":12.29,"img":"https://fd8-photos.leclercdrive.fr/image.ashx?id=2964670&use=l&cat=p&typeid=i","cat":284631},{"id":257211,"n":"Lessive liquide Xéor Oranger - x24 lavages - 1.2L","p":2.12,"u":"1,77 €/L","img":"https://fd8-photos.leclercdrive.fr/image.ashx?id=2903977&use=l&cat=p&typeid=i","cat":284640},{"id":257212,"n":"Lessive liquide Xéor Fraîcheur - x24 lavages - 1.2L","p":2.12,"u":"1,77 €/L","img":"https://fd8-photos.leclercdrive.fr/image.ashx?id=2901506&use=l&cat=p&typeid=i","cat":284640},{"id":257214,"n":"Capsules lave-vaisselle Finish Quantum Citron - x30 - 312g","p":7.5,"u":"24,04 €/KG","img":"https://fd8-photos.leclercdrive.fr/image.ashx?id=2926618&use=l&cat=p&typeid=i","cat":284656},{"id":257215,"n":"Capsules lave-vaisselle Finish Quantum - x30 - 312g","p":6.99,"u":"22,40 €/KG","img":"https://fd8-photos.leclercdrive.fr/image.ashx?id=2884627&use=l&cat=p&typeid=i","cat":284656},{"id":257217,"n":"Capsules lave-vaisselle Finish Ultimate citron - x26 - 335g","p":7.09,"u":"21,23 €/KG","img":"https://fd8-photos.leclercdrive.fr/image.ashx?id=2884630&use=l&cat=p&typeid=i","cat":284656},{"id":257218,"n":"Capsules lave-vaisselle Finish Ultimate - x26 - 335g","p":7.1,"u":"21,19 €/KG","img":"https://fd8-photos.leclercdrive.fr/image.ashx?id=2884633&use=l&cat=p&typeid=i","cat":284656},{"id":257219,"n":"Capsules lave-vaisselle Finish Ultimate Plus Citron x22 - 268g","p":6.79,"u":"25,34 €/KG","img":"https://fd8-photos.leclercdrive.fr/image.ashx?id=2884636&use=l&cat=p&typeid=i","cat":284656},{"id":257228,"n":"Capsules lave-vaisselle Finish Ultimate Plus - x22 - 268g","p":7.21,"u":"26,90 €/KG","img":"https://fd8-photos.leclercdrive.fr/image.ashx?id=2884900&use=l&cat=p&typeid=i","cat":284656},{"id":257230,"n":"Désinfectant linge Sanytol Stop Odeurs Fleurs blanches 500ml","p":3.69,"u":"7,38 €/L","img":"https://fd8-photos.leclercdrive.fr/image.ashx?id=2961960&use=l&cat=p&typeid=i","cat":290451},{"id":257231,"n":"Désinfectant linge Sanytol Stop Odeurs Fleurs Blanches 1L","p":6.65,"u":"6,65 €/L","img":"https://fd8-photos.leclercdrive.fr/image.ashx?id=2884312&use=l&cat=p&typeid=i","cat":290451},{"id":257232,"n":"Capsules Lave-Vaisselle SUN  Pro-Expert Regular 38 lavages","p":7.9,"u":"13,86 €/KG","img":"https://fd8-photos.leclercdrive.fr/image.ashx?id=2907728&use=l&cat=p&typeid=i","cat":284656},{"id":257237,"n":"Déodorant femme Adidas Control - 150ml","p":2.76,"u":"18,40 €/L","img":"https://fd8-photos.leclercdrive.fr/image.ashx?id=2884594&use=l&cat=p&typeid=i","cat":284595},{"id":257249,"n":"Liquide vaisselle Paic Intense Anti-calcaire - 500ml","p":3.19,"u":"6,38 €/L","img":"https://fd8-photos.leclercdrive.fr/image.ashx?id=2884897&use=l&cat=p&typeid=i","cat":284655},{"id":257251,"n":"Capsules Lave-Vaisselle SUN  Pro-Expert Citron 38 lavages","p":7.9,"u":"13,86 €/KG","img":"https://fd8-photos.leclercdrive.fr/image.ashx?id=2991039&use=l&cat=p&typeid=i","cat":284656},{"id":257322,"n":"Nectar Bio Pressade Orange - 1.5L","p":3.14,"u":"2,09 €/L","img":"https://fd8-photos.leclercdrive.fr/image.ashx?id=2885357&use=l&cat=p&typeid=i","cat":284521},{"id":257391,"n":"Barre gourmande Grainéa Chocolat Cacahuète - 140g","p":1.93,"u":"13,79 €/KG","img":"https://fd8-photos.leclercdrive.fr/image.ashx?id=2885777&use=l&cat=p&typeid=i","cat":285869},{"id":257608,"n":"Raviolis Rana ricotta épinards 250g","p":3.45,"u":"13,80 €/KG","img":"https://fd8-photos.leclercdrive.fr/image.ashx?id=2886361&use=l&cat=p&typeid=i","cat":333682},{"id":257609,"n":"Raviolis Rana 4 fromages 250g","p":3.45,"u":"13,80 €/KG","img":"https://fd8-photos.leclercdrive.fr/image.ashx?id=2886364&use=l&cat=p&typeid=i","cat":333682},{"id":257612,"n":"Tortellini Rana bacon, speck & mozzarella 250g","p":3.65,"u":"14,60 €/KG","img":"https://fd8-photos.leclercdrive.fr/image.ashx?id=2886370&use=l&cat=p&typeid=i","cat":333682},{"id":257613,"n":"Raviolis Rana poulet à la  toscane 250g","p":3.65,"u":"14,60 €/KG","img":"https://fd8-photos.leclercdrive.fr/image.ashx?id=2886373&use=l&cat=p&typeid=i","cat":333682},{"id":258079,"n":"Limonade Lorina pêche blanche 1L","p":2.39,"u":"2,39 €/L","img":"https://fd8-photos.leclercdrive.fr/image.ashx?id=2891094&use=l&cat=p&typeid=i","cat":284531},{"id":258141,"n":"Pâtes Panzani  grandes coquillettes - 500g","p":1.37,"u":"2,74 €/KG","img":"https://fd8-photos.leclercdrive.fr/image.ashx?id=2887536&use=l&cat=p&typeid=i","cat":284427},{"id":258143,"n":"Pâtes Panzani  fusilli - 500g","p":1.37,"u":"2,74 €/KG","img":"https://fd8-photos.leclercdrive.fr/image.ashx?id=2887530&use=l&cat=p&typeid=i","cat":284427},{"id":258144,"n":"Pâtes Panzani rigatoni - 500g","p":1.37,"u":"2,74 €/KG","img":"https://fd8-photos.leclercdrive.fr/image.ashx?id=2887533&use=l&cat=p&typeid=i","cat":284427},{"id":258146,"n":"Pâtes Panzani penne rigate - 500g","p":1.74,"u":"3,48 €/KG","img":"https://fd8-photos.leclercdrive.fr/image.ashx?id=2887539&use=l&cat=p&typeid=i","cat":284427},{"id":258149,"n":"Pâtes Panzani  linguine - 500g","p":1.37,"u":"2,74 €/KG","img":"https://fd8-photos.leclercdrive.fr/image.ashx?id=2887542&use=l&cat=p&typeid=i","cat":284427},{"id":258295,"n":"Croissants fourrés Nutella  x4 - 340g","p":4.64,"u":"13,65 €/KG","img":"https://fd8-photos.leclercdrive.fr/image.ashx?id=2899749&use=l&cat=p&typeid=i","cat":284267},{"id":258299,"n":"Lasagnes William Saurin Bolognaise pure boeuf - 300g","p":2.59,"u":"8,63 €/KG","img":"https://fd8-photos.leclercdrive.fr/image.ashx?id=2916012&use=l&cat=p&typeid=i","cat":284953},{"id":258301,"n":"Spaghetti William Saurin Bolognaise pure boeuf - 300g","p":2.89,"u":"9,63 €/KG","img":"https://fd8-photos.leclercdrive.fr/image.ashx?id=2939517&use=l&cat=p&typeid=i","cat":284953},{"id":258303,"n":"Poulet basquaise William Saurin 285g","p":2.69,"u":"9,44 €/KG","img":"https://fd8-photos.leclercdrive.fr/image.ashx?id=2928564&use=l&cat=p&typeid=i","cat":284953},{"id":258304,"n":"Poulet William Saurin à la crème - 280g","p":2.03,"u":"7,25 €/KG","img":"https://fd8-photos.leclercdrive.fr/image.ashx?id=2939520&use=l&cat=p&typeid=i","cat":284953},{"id":258305,"n":"Risotto William Saurin poulet et champignons - 280g","p":2.59,"u":"9,25 €/KG","img":"https://fd8-photos.leclercdrive.fr/image.ashx?id=2912113&use=l&cat=p&typeid=i","cat":284953},{"id":258308,"n":"Torsades saumon William Saurin Crème et aneth - 280g","p":2.03,"u":"7,25 €/KG","img":"https://fd8-photos.leclercdrive.fr/image.ashx?id=2916009&use=l&cat=p&typeid=i","cat":284953},{"id":258309,"n":"Merlu blanc William Saurin Riz et légumes - 300g","p":2.03,"u":"6,77 €/KG","img":"https://fd8-photos.leclercdrive.fr/image.ashx?id=2986392&use=l&cat=p&typeid=i","cat":284953},{"id":258310,"n":"Blanquette William Saurin Veau et riz - 285g","p":2.69,"u":"9,44 €/KG","img":"https://fd8-photos.leclercdrive.fr/image.ashx?id=2906286&use=l&cat=p&typeid=i","cat":284953},{"id":258311,"n":"Olives noires Rustica façon grècque - 235g","p":1.55,"u":"6,60 €/KG","img":"https://fd8-photos.leclercdrive.fr/image.ashx?id=2970590&use=l&cat=p&typeid=i","cat":284458},{"id":258312,"n":"Bourguignon William Saurin Boeuf - 300g","p":2.79,"u":"9,30 €/KG","img":"https://fd8-photos.leclercdrive.fr/image.ashx?id=2906289&use=l&cat=p&typeid=i","cat":284953},{"id":258314,"n":"Hachis William Saurin Parmentier pur boeuf - 300g","p":2.98,"u":"9,93 €/KG","img":"https://fd8-photos.leclercdrive.fr/image.ashx?id=2906292&use=l&cat=p&typeid=i","cat":284953},{"id":258321,"n":"Dentifrice soin Elmex Sensitive expert - 75ml","p":6.06,"u":"80,80 €/L","img":"https://fd8-photos.leclercdrive.fr/image.ashx?id=2888205&use=l&cat=p&typeid=i","cat":284612},{"id":258339,"n":"Glace Kinder Bueno Cônes noisettes x6 - 372g","p":6.49,"u":"17,45 €/KG","img":"https://fd8-photos.leclercdrive.fr/image.ashx?id=2891334&use=l&cat=p&typeid=i","cat":284264},{"id":258340,"n":"Glace Kinder Bueno White Cônes noisettes x6 - 372g","p":6.49,"u":"17,45 €/KG","img":"https://fd8-photos.leclercdrive.fr/image.ashx?id=2890814&use=l&cat=p&typeid=i","cat":284264},{"id":258341,"n":"Glace Rafello bâtonnets Pêche hibiscus x3 - 138g","p":3.89,"u":"28,19 €/KG","img":"https://fd8-photos.leclercdrive.fr/image.ashx?id=2890436&use=l&cat=p&typeid=i","cat":284265},{"id":258342,"n":"Glace Ferrero bâtonnets chocolat noir orange x3 - 138g","p":3.94,"u":"28,55 €/KG","img":"https://fd8-photos.leclercdrive.fr/image.ashx?id=2889913&use=l&cat=p&typeid=i","cat":284265},{"id":258343,"n":"Crêpes Nutella  x6 - 240g","p":3.85,"u":"16,04 €/KG","img":"https://fd8-photos.leclercdrive.fr/image.ashx?id=2899761&use=l&cat=p&typeid=i","cat":284267},{"id":258345,"n":"Muffins Nutella  x4 - 264g","p":4.84,"u":"18,33 €/KG","img":"https://fd8-photos.leclercdrive.fr/image.ashx?id=2899758&use=l&cat=p&typeid=i","cat":284267},{"id":258347,"n":"Donuts Nutella x4 - 240g","p":3.85,"u":"16,04 €/KG","img":"https://fd8-photos.leclercdrive.fr/image.ashx?id=2889916&use=l&cat=p&typeid=i","cat":284267},{"id":258350,"n":"Ravioli Rana tomate mozzarella 250g","p":3.45,"u":"13,80 €/KG","img":"https://fd8-photos.leclercdrive.fr/image.ashx?id=2889931&use=l&cat=p&typeid=i","cat":333682},{"id":258351,"n":"Pâtes fraîches Rana Poulet rôti au citron 250g","p":2.04,"u":"8,16 €/KG","img":"https://fd8-photos.leclercdrive.fr/image.ashx?id=2889934&use=l&cat=p&typeid=i","cat":333682},{"id":258352,"n":"Tortellini Rana Parmigiano  Reggiano 250g","p":3.27,"u":"13,08 €/KG","img":"https://fd8-photos.leclercdrive.fr/image.ashx?id=2889937&use=l&cat=p&typeid=i","cat":333682},{"id":258356,"n":"Raviolis Rana Burrata chorizo 250g","p":3.99,"u":"15,96 €/KG","img":"https://fd8-photos.leclercdrive.fr/image.ashx?id=2889943&use=l&cat=p&typeid=i","cat":333682},{"id":258363,"n":"Bières Softiz Sans alcool  Saveur citron - 6x27,5cl","p":3.08,"u":"1,87 €/L","img":"https://fd8-photos.leclercdrive.fr/image.ashx?id=2887431&use=l&cat=p&typeid=i","cat":334877},{"id":258366,"n":"Bières Softiz Sans alcool  Saveur mojito - 6x27,5cl","p":3.02,"u":"1,83 €/L","img":"https://fd8-photos.leclercdrive.fr/image.ashx?id=2887428&use=l&cat=p&typeid=i","cat":334877},{"id":258387,"n":"Bières Desperados Sunlight  mangue/passion 4° - 3x33cl","p":3.39,"u":"3,42 €/L","img":"https://fd8-photos.leclercdrive.fr/image.ashx?id=2977990&use=l&cat=p&typeid=i","cat":334878},{"id":258543,"n":"Infuse à froid Lipton Grenade Hibiscus -x15 -38g","p":2.72,"u":"71,58 €/KG","img":"https://fd8-photos.leclercdrive.fr/image.ashx?id=2907376&use=l&cat=p&typeid=i","cat":293234},{"id":258606,"n":"Soda Fanta Orange  Bouteille - 1.25L","p":1.66,"u":"1,33 €/L","img":"https://fd8-photos.leclercdrive.fr/image.ashx?id=2924752&use=l&cat=p&typeid=i","cat":284532},{"id":259159,"n":"Soin visage Fluide anti tâches  UV vitamine C  Garnier -40ml","p":7.82,"u":"195,50 €/L","img":"https://fd8-photos.leclercdrive.fr/image.ashx?id=2904251&use=l&cat=p&typeid=i","cat":325345},{"id":259184,"n":"Préservatifs Durex Classic Jeans - x20","p":7.03,"img":"https://fd8-photos.leclercdrive.fr/image.ashx?id=2892433&use=l&cat=p&typeid=i","cat":284631},{"id":259190,"n":"Eau de parfum Adidas Energy drive - 100ml","p":17.14,"u":"171,40 €/L","img":"https://fd8-photos.leclercdrive.fr/image.ashx?id=2892856&use=l&cat=p&typeid=i","cat":291525},{"id":259210,"n":"Nouilles instantanées poulet Teriyaki - Daisuki - 79g","p":0.82,"u":"10,38 €/KG","img":"https://fd8-photos.leclercdrive.fr/image.ashx?id=2892412&use=l&cat=p&typeid=i","cat":288992},{"id":259245,"n":"Bière aromatisée 1664 Rosé 4,5°- 6x25cl","p":5.1,"u":"3,40 €/L","img":"https://fd8-photos.leclercdrive.fr/image.ashx?id=2892457&use=l&cat=p&typeid=i","cat":334878},{"id":259249,"n":"Bière aromatisée Somersby Pomme 4,5° - 3x27,5cl","p":3.9,"u":"4,73 €/L","img":"https://fd8-photos.leclercdrive.fr/image.ashx?id=2892460&use=l&cat=p&typeid=i","cat":334878},{"id":259250,"n":"Bière aromatisée Somersby Citron Yuzu 4,5° - 3x27,5cl","p":3.43,"u":"4,16 €/L","img":"https://fd8-photos.leclercdrive.fr/image.ashx?id=2892463&use=l&cat=p&typeid=i","cat":334878},{"id":259253,"n":"Bière aromatisée Somersby Framboise 4,5° - 3x27,5cl","p":3.9,"u":"4,73 €/L","img":"https://fd8-photos.leclercdrive.fr/image.ashx?id=2892466&use=l&cat=p&typeid=i","cat":334878},{"id":259263,"n":"Bière blonde Stella Artois 5,2% - 12x25cl","p":9.5,"u":"3,17 €/L","img":"https://fd8-photos.leclercdrive.fr/image.ashx?id=2971754&use=l&cat=p&typeid=i","cat":334873},{"id":259277,"n":"Bière blonde Stella Artois 5,2% - 20x25cl","p":15.72,"u":"3,14 €/L","img":"https://fd8-photos.leclercdrive.fr/image.ashx?id=2944377&use=l&cat=p&typeid=i","cat":334873},{"id":259321,"n":"Pain burger Jacquet Géant brioché x4 - 300g","p":1.83,"u":"6,10 €/KG","img":"https://fd8-photos.leclercdrive.fr/image.ashx?id=2991879&use=l&cat=p&typeid=i","cat":325067},{"id":259322,"n":"Pain burger Jacquet Nature x6 - 330g","p":1.43,"u":"4,33 €/KG","img":"https://fd8-photos.leclercdrive.fr/image.ashx?id=2991885&use=l&cat=p&typeid=i","cat":325067},{"id":259323,"n":"Burger Jacquet brioché Ultra moelleux x4 - 250g","p":1.49,"u":"5,96 €/KG","img":"https://fd8-photos.leclercdrive.fr/image.ashx?id=3010984&use=l&cat=p&typeid=i","cat":325067},{"id":259359,"n":"Gel WC active Canard  x2","p":2.34,"u":"1,17 €/P","img":"https://fd8-photos.leclercdrive.fr/image.ashx?id=2892475&use=l&cat=p&typeid=i","cat":284662},{"id":259537,"n":"Tourtel Twist pêche 27.5cl","p":1.15,"u":"4,18 €/L","img":"https://fd8-photos.leclercdrive.fr/image.ashx?id=2892451&use=l&cat=p&typeid=i","cat":334877},{"id":259632,"n":"Nectar Bio Pressade Pomme - 1.5L","p":2.35,"u":"1,57 €/L","img":"https://fd8-photos.leclercdrive.fr/image.ashx?id=2892586&use=l&cat=p&typeid=i","cat":284522},{"id":260047,"n":"Boisson énergisante Celsius Multifruits - 35,5cl","p":1.4,"u":"3,94 €/L","img":"https://fd8-photos.leclercdrive.fr/image.ashx?id=2919006&use=l&cat=p&typeid=i","cat":284533},{"id":260048,"n":"Boisson énergisante Celsius Orange - 35,5cl","p":1.4,"u":"3,94 €/L","img":"https://fd8-photos.leclercdrive.fr/image.ashx?id=2922152&use=l&cat=p&typeid=i","cat":284533},{"id":260054,"n":"Boisson énergisante Celsius Fraise passion - 35,5cl","p":1.4,"u":"3,94 €/L","img":"https://fd8-photos.leclercdrive.fr/image.ashx?id=2922158&use=l&cat=p&typeid=i","cat":284533},{"id":260214,"n":"Cookies BN Pépites aux 2 chocolats - 150g","p":1.71,"u":"11,40 €/KG","img":"https://fd8-photos.leclercdrive.fr/image.ashx?id=2901704&use=l&cat=p&typeid=i","cat":325066},{"id":260216,"n":"Cookies BN Pépites de chocolat blanc -150g","p":1.71,"u":"11,40 €/KG","img":"https://fd8-photos.leclercdrive.fr/image.ashx?id=2901707&use=l&cat=p&typeid=i","cat":325066},{"id":260282,"n":"Champagne brut Veuve Clicquot 12.5% - 75cl","p":49.23,"u":"65,64 €/L","img":"https://fd8-photos.leclercdrive.fr/image.ashx?id=2894137&use=l&cat=p&typeid=i","cat":284542},{"id":260328,"n":"Riz Taureau Ailé Basmati du Punjab - 500g","p":2.29,"u":"4,58 €/KG","img":"https://fd8-photos.leclercdrive.fr/image.ashx?id=2893756&use=l&cat=p&typeid=i","cat":284428},{"id":260758,"n":"Bain de bouche enfant Listerine Fruits rouges - 500ml","p":5.14,"u":"10,28 €/L","img":"https://fd8-photos.leclercdrive.fr/image.ashx?id=2894953&use=l&cat=p&typeid=i","cat":284613},{"id":261200,"n":"Cônes Magnum noisette  4x90g","p":5.07,"u":"19,50 €/KG","img":"https://fd8-photos.leclercdrive.fr/image.ashx?id=2896453&use=l&cat=p&typeid=i","cat":284264},{"id":261216,"n":"Cônes Magnum mangue  4x90ml","p":4.16,"u":"16,00 €/KG","img":"https://fd8-photos.leclercdrive.fr/image.ashx?id=2896450&use=l&cat=p&typeid=i","cat":284264},{"id":261222,"n":"Saucisson Saint Agaûne 200g","p":4.48,"u":"22,40 €/KG","img":"https://fd8-photos.leclercdrive.fr/image.ashx?id=2977432&use=l&cat=p&typeid=i","cat":316006},{"id":261223,"n":"Saucisson sec Saint Agaûne La fine - 200g","p":5.69,"u":"28,45 €/KG","img":"https://fd8-photos.leclercdrive.fr/image.ashx?id=2960939&use=l&cat=p&typeid=i","cat":316006},{"id":261225,"n":"Rhum Diplomatico Reserva exclusiva - 70cl","p":38.5,"u":"55,00 €/L","img":"https://fd8-photos.leclercdrive.fr/image.ashx?id=2896408&use=l&cat=p&typeid=i","cat":284550},{"id":261270,"n":"Rasoir Venus confort glide  Spa breeze +2 recharges","p":16.91,"img":"https://fd8-photos.leclercdrive.fr/image.ashx?id=2897351&use=l&cat=p&typeid=i","cat":325352},{"id":261292,"n":"Chewing-gum Hollywood  Menthe Verte sans sucres - 70g","p":2.59,"u":"37,00 €/KG","img":"https://fd8-photos.leclercdrive.fr/image.ashx?id=2987053&use=l&cat=p&typeid=i","cat":304251},{"id":261298,"n":"Chewing-gum Hollywood Menthe  Fraîche sans sucres - 70g","p":2.69,"u":"38,43 €/KG","img":"https://fd8-photos.leclercdrive.fr/image.ashx?id=2987050&use=l&cat=p&typeid=i","cat":304251},{"id":261305,"n":"Chewing-gum Hollywood 2Fresh  Menthe Forte sans sucres 66g","p":1.59,"u":"24,09 €/KG","img":"https://fd8-photos.leclercdrive.fr/image.ashx?id=3011962&use=l&cat=p&typeid=i","cat":304251},{"id":261307,"n":"Chewing-gum Hollywood 2Fresh  Menthe Verte sans sucres -  66g","p":1.59,"u":"24,09 €/KG","img":"https://fd8-photos.leclercdrive.fr/image.ashx?id=3011959&use=l&cat=p&typeid=i","cat":304251},{"id":261489,"n":"Sardines Le Trésor des Dieux Huile d'olive - 115g","p":1.76,"u":"15,30 €/KG","img":"https://fd8-photos.leclercdrive.fr/image.ashx?id=3012463&use=l&cat=p&typeid=i","cat":305146},{"id":261500,"n":"Tablette cuadro Cremino  110g","p":2.9,"u":"26,36 €/KG","img":"https://fd8-photos.leclercdrive.fr/image.ashx?id=2903806&use=l&cat=p&typeid=i","cat":284497},{"id":261502,"n":"Bonbons Tic Tac  Chlorophylle - x100 - 49g","p":1.73,"u":"35,31 €/KG","img":"https://fd8-photos.leclercdrive.fr/image.ashx?id=2903791&use=l&cat=p&typeid=i","cat":304256},{"id":261505,"n":"Chocolat Tablette d'Or Lait caramelisées - 180g","p":2.49,"u":"13,83 €/KG","img":"https://fd8-photos.leclercdrive.fr/image.ashx?id=2896837&use=l&cat=p&typeid=i","cat":284497},{"id":261507,"n":"Tablette de chocolat Equador noir citron vert - 100g","p":1.79,"u":"17,90 €/KG","img":"https://fd8-photos.leclercdrive.fr/image.ashx?id=2896834&use=l&cat=p&typeid=i","cat":284956},{"id":261509,"n":"Chocolat Tablette d'Or Noir biscuit citron vert 180g","p":2.89,"u":"16,06 €/KG","img":"https://fd8-photos.leclercdrive.fr/image.ashx?id=2896828&use=l&cat=p&typeid=i","cat":284956},{"id":261520,"n":"Bonbons La Vosgienne  Sève de Pin - 125g","p":1.79,"u":"14,32 €/KG","img":"https://fd8-photos.leclercdrive.fr/image.ashx?id=2901235&use=l&cat=p&typeid=i","cat":304256},{"id":261526,"n":"Chewing-gum Hollywood  Menthe Forte sans sucres 70g","p":1.82,"u":"26,00 €/KG","img":"https://fd8-photos.leclercdrive.fr/image.ashx?id=3001533&use=l&cat=p&typeid=i","cat":304251},{"id":261540,"n":"Rhum Diplomatico Mantuano 70cl 40%","p":31.12,"u":"44,46 €/L","img":"https://fd8-photos.leclercdrive.fr/image.ashx?id=2898753&use=l&cat=p&typeid=i","cat":284550},{"id":261891,"n":"Sucre en buchettes Daddy Boite distributrice - 480g","p":2.7,"u":"5,63 €/KG","img":"https://fd8-photos.leclercdrive.fr/image.ashx?id=2903065&use=l&cat=p&typeid=i","cat":284502},{"id":262345,"n":"Soda Fanta Orange  Canette - Pack 6x33CL","p":3.57,"u":"1,80 €/L","img":"https://fd8-photos.leclercdrive.fr/image.ashx?id=2997241&use=l&cat=p&typeid=i","cat":284532},{"id":263105,"n":"Glace en pot Ben & Jerry's  Brookieees & Cream 465 ml","p":3.67,"u":"7,89 €/L","img":"https://fd8-photos.leclercdrive.fr/image.ashx?id=2901202&use=l&cat=p&typeid=i","cat":284725},{"id":263107,"n":"Ben & Jerry's Glace en pot Sundae Marshmallow/ Smore 427ml","p":4.32,"u":"10,12 €/L","img":"https://fd8-photos.leclercdrive.fr/image.ashx?id=3009314&use=l&cat=p&typeid=i","cat":284725},{"id":263108,"n":"Bouchées glacées Ben & Jerry  Cookie Dough 150g","p":3.58,"u":"23,87 €/KG","img":"https://fd8-photos.leclercdrive.fr/image.ashx?id=3009323&use=l&cat=p&typeid=i","cat":284725},{"id":263111,"n":"Ben & Jerry's Glace pot Vegan  Cookie on Cookie Dough 465ml","p":4.99,"u":"10,73 €/L","img":"https://fd8-photos.leclercdrive.fr/image.ashx?id=2901166&use=l&cat=p&typeid=i","cat":284725},{"id":263116,"n":"Mini bâtonnet Magnum  Double Noisette 6x55ml","p":4.73,"u":"14,33 €/L","img":"https://fd8-photos.leclercdrive.fr/image.ashx?id=2901190&use=l&cat=p&typeid=i","cat":284265},{"id":263130,"n":"Magnum Glace Bâtonnet  Double Noisette 4x85ml","p":4.79,"u":"14,09 €/L","img":"https://fd8-photos.leclercdrive.fr/image.ashx?id=3009326&use=l&cat=p&typeid=i","cat":284265},{"id":263131,"n":"Bâtonnet Magnum Utopia Double Fruits Rouges 4x85ml","p":4.72,"u":"13,88 €/L","img":"https://fd8-photos.leclercdrive.fr/image.ashx?id=3014650&use=l&cat=p&typeid=i","cat":284265},{"id":263132,"n":"Glace Bonbon Dessert Magnum Gold Caramel Billionaire 168g","p":4.65,"u":"27,68 €/KG","img":"https://fd8-photos.leclercdrive.fr/image.ashx?id=3009320&use=l&cat=p&typeid=i","cat":284266},{"id":263134,"n":"Magnum Glace Bâtonnet Vegan Sorbet Myrtille Chill 3x90ml","p":3.47,"u":"12,85 €/L","img":"https://fd8-photos.leclercdrive.fr/image.ashx?id=2901193&use=l&cat=p&typeid=i","cat":284265},{"id":263136,"n":"Magnum Glace Bâtonnet Vegan Amande 3x90ml","p":3.46,"u":"12,81 €/L","img":"https://fd8-photos.leclercdrive.fr/image.ashx?id=2901199&use=l&cat=p&typeid=i","cat":284265},{"id":263154,"n":"Saumon MSC haché Yooji dès 4 mois 80g","p":4.94,"u":"61,75 €/KG","img":"https://fd8-photos.leclercdrive.fr/image.ashx?id=3008893&use=l&cat=p&typeid=i","cat":290631},{"id":263155,"n":"Ecrasé de ratatouille Yooji dès 8 mois 400g","p":5.1,"u":"12,75 €/KG","img":"https://fd8-photos.leclercdrive.fr/image.ashx?id=2901022&use=l&cat=p&typeid=i","cat":312236},{"id":263248,"n":"Mini pots Häagen-Dazs  Essential Collection x4 - 324g","p":5.49,"u":"16,94 €/KG","img":"https://fd8-photos.leclercdrive.fr/image.ashx?id=2900926&use=l&cat=p&typeid=i","cat":284725},{"id":263287,"n":"IGP Méditerranée Blanc Studio by Miraval - 75cl","p":10.85,"u":"14,47 €/L","img":"https://fd8-photos.leclercdrive.fr/image.ashx?id=2990541&use=l&cat=p&typeid=i","cat":289557},{"id":263323,"n":"Eponge vaisselle Elephant x6 +3 offertes","p":8.79,"img":"https://fd8-photos.leclercdrive.fr/image.ashx?id=2902133&use=l&cat=p&typeid=i","cat":325894},{"id":263328,"n":"Bonbons Lutti Bubblizz Piquants - 300g","p":1.8,"u":"6,00 €/KG","img":"https://fd8-photos.leclercdrive.fr/image.ashx?id=2900983&use=l&cat=p&typeid=i","cat":304250},{"id":263702,"n":"Glace cône Extreme Salted caramel - 6x71g","p":3.59,"u":"8,43 €/KG","img":"https://fd8-photos.leclercdrive.fr/image.ashx?id=2904185&use=l&cat=p&typeid=i","cat":284264},{"id":263705,"n":"Glace cône Extrême Vanille/ chocolat - 6x71g","p":3.22,"u":"7,56 €/KG","img":"https://fd8-photos.leclercdrive.fr/image.ashx?id=2904188&use=l&cat=p&typeid=i","cat":284264},{"id":263712,"n":"Truite fumée Landvika 6 tranches 140g","p":5.99,"u":"42,79 €/KG","img":"https://fd8-photos.leclercdrive.fr/image.ashx?id=2904206&use=l&cat=p&typeid=i","cat":285188},{"id":263740,"n":"Culottes Tena Nuit Taille L - x12","p":14.79,"u":"1,23 €/P","img":"https://fd8-photos.leclercdrive.fr/image.ashx?id=2904446&use=l&cat=p&typeid=i","cat":284628},{"id":263742,"n":"Culottes Tena Taille M - x9","p":8.3,"u":"0,92 €/P","img":"https://fd8-photos.leclercdrive.fr/image.ashx?id=2904452&use=l&cat=p&typeid=i","cat":284628},{"id":263743,"n":"Culottes Tena  Taille L x 8","p":8.46,"u":"1,06 €/P","img":"https://fd8-photos.leclercdrive.fr/image.ashx?id=2904455&use=l&cat=p&typeid=i","cat":284628},{"id":264357,"n":"Brassé végétal Andros Sur lit de fraise 4x100g","p":2.89,"u":"7,23 €/KG","img":"https://fd8-photos.leclercdrive.fr/image.ashx?id=2906490&use=l&cat=p&typeid=i","cat":316071},{"id":264359,"n":"Brassé végétal Andros Sur lit de marron 4x100g","p":2.82,"u":"7,05 €/KG","img":"https://fd8-photos.leclercdrive.fr/image.ashx?id=2906496&use=l&cat=p&typeid=i","cat":316071},{"id":264360,"n":"Brassé végétal Andros Sur lit d'abricot 4x100g","p":2.89,"u":"7,23 €/KG","img":"https://fd8-photos.leclercdrive.fr/image.ashx?id=2906493&use=l&cat=p&typeid=i","cat":316071},{"id":264362,"n":"Compote Coeur de fruits Andros Pomme poire 4x100g","p":1.56,"u":"3,90 €/KG","img":"https://fd8-photos.leclercdrive.fr/image.ashx?id=2906487&use=l&cat=p&typeid=i","cat":284416},{"id":264373,"n":"P'tit Savane Tornado Brossard Roulés à la fraise - x7 - 175g","p":2.49,"u":"14,23 €/KG","img":"https://fd8-photos.leclercdrive.fr/image.ashx?id=2966089&use=l&cat=p&typeid=i","cat":284495},{"id":264374,"n":"Compote Coeur de fruits Andros Pomme abricot 4x100g","p":1.5,"u":"3,75 €/KG","img":"https://fd8-photos.leclercdrive.fr/image.ashx?id=2907352&use=l&cat=p&typeid=i","cat":284416},{"id":264377,"n":"Compote Coeur de fruits Andros Pomme fraise 4x100g","p":1.81,"u":"4,53 €/KG","img":"https://fd8-photos.leclercdrive.fr/image.ashx?id=2907355&use=l&cat=p&typeid=i","cat":284416},{"id":264378,"n":"Compote Coeur de fruits Andros Pomme pruneau 4x100g","p":1.45,"u":"3,63 €/KG","img":"https://fd8-photos.leclercdrive.fr/image.ashx?id=2907358&use=l&cat=p&typeid=i","cat":284416},{"id":264392,"n":"Savane Brossard coeur choco Max de sensation - x6 - 180g","p":2.51,"u":"13,94 €/KG","img":"https://fd8-photos.leclercdrive.fr/image.ashx?id=2906502&use=l&cat=p&typeid=i","cat":284495},{"id":264416,"n":"Tartelette BN Chocolat - 100g","p":1.29,"u":"12,90 €/KG","img":"https://fd8-photos.leclercdrive.fr/image.ashx?id=2907881&use=l&cat=p&typeid=i","cat":284488},{"id":264417,"n":"Biscuits BN Del'ice Choco Brownie - 185g","p":1.99,"u":"10,76 €/KG","img":"https://fd8-photos.leclercdrive.fr/image.ashx?id=2907884&use=l&cat=p&typeid=i","cat":284488},{"id":264692,"n":"Croque-Monsieur Maxi Herta jambon fromage x2 - 310g","p":3.1,"u":"10,00 €/KG","img":"https://fd8-photos.leclercdrive.fr/image.ashx?id=2907941&use=l&cat=p&typeid=i","cat":333671},{"id":264694,"n":"Cheetos crispy Balls  90g","p":1.07,"u":"11,89 €/KG","img":"https://fd8-photos.leclercdrive.fr/image.ashx?id=2907962&use=l&cat=p&typeid=i","cat":284449},{"id":264696,"n":"Cheetos crunchy Fromage - 90g","p":1.07,"u":"11,89 €/KG","img":"https://fd8-photos.leclercdrive.fr/image.ashx?id=2907965&use=l&cat=p&typeid=i","cat":284449},{"id":264700,"n":"Cheetos crunchy Sweet Chili - 90g","p":1.19,"u":"13,22 €/KG","img":"https://fd8-photos.leclercdrive.fr/image.ashx?id=2907968&use=l&cat=p&typeid=i","cat":284449},{"id":264707,"n":"Cheetos original  135g","p":1.79,"u":"13,26 €/KG","img":"https://fd8-photos.leclercdrive.fr/image.ashx?id=2907956&use=l&cat=p&typeid=i","cat":284449},{"id":264708,"n":"Cheetos original  Fromage - 80g","p":1.25,"u":"15,63 €/KG","img":"https://fd8-photos.leclercdrive.fr/image.ashx?id=2907959&use=l&cat=p&typeid=i","cat":284449},{"id":264729,"n":"Bonbons Têtes Brûlées Yaaah ! Sakura & Mangue Wasabi - 180g","p":1.6,"u":"8,89 €/KG","img":"https://fd8-photos.leclercdrive.fr/image.ashx?id=2907021&use=l&cat=p&typeid=i","cat":304250},{"id":264741,"n":"Whisky single malt The Deveron 12ans dâge 70cl","p":38.51,"u":"55,01 €/L","img":"https://fd8-photos.leclercdrive.fr/image.ashx?id=2907713&use=l&cat=p&typeid=i","cat":297000},{"id":264779,"n":"Coupelles Douceur du Verger 8x100g","p":2.09,"u":"2,61 €/KG","img":"https://fd8-photos.leclercdrive.fr/image.ashx?id=2958350&use=l&cat=p&typeid=i","cat":284508},{"id":264791,"n":"Biscuit au Pop corn P'tit Déli Fourrés chocolat au lait - 150g","p":1.89,"u":"12,60 €/KG","img":"https://fd8-photos.leclercdrive.fr/image.ashx?id=2907303&use=l&cat=p&typeid=i","cat":284488},{"id":264903,"n":"La Panée soja Garden Gourmet 207g","p":2.69,"u":"13,00 €/KG","img":"https://fd8-photos.leclercdrive.fr/image.ashx?id=2980155&use=l&cat=p&typeid=i","cat":316036},{"id":264904,"n":"Le Classique soja  Garden Gourmet 173g","p":2.69,"u":"15,55 €/KG","img":"https://fd8-photos.leclercdrive.fr/image.ashx?id=2965319&use=l&cat=p&typeid=i","cat":316036},{"id":264960,"n":"Box XXL Radiatori Côté Snack Boeuf poivre 400g","p":2.99,"u":"7,48 €/KG","img":"https://fd8-photos.leclercdrive.fr/image.ashx?id=2907494&use=l&cat=p&typeid=i","cat":334983},{"id":264963,"n":"Box XXL Radiatori Côté Snack Saumon 400g","p":2.99,"u":"7,48 €/KG","img":"https://fd8-photos.leclercdrive.fr/image.ashx?id=2907497&use=l&cat=p&typeid=i","cat":334983},{"id":265151,"n":"Fromage enfant Mini Babybel  22 portions 484g","p":7.79,"u":"16,10 €/KG","img":"https://fd8-photos.leclercdrive.fr/image.ashx?id=2935843&use=l&cat=p&typeid=i","cat":314030},{"id":265152,"n":"Fromage apéritif Apéricube Soirée match 48 cubes 250g","p":4.17,"u":"16,68 €/KG","img":"https://fd8-photos.leclercdrive.fr/image.ashx?id=2908915&use=l&cat=p&typeid=i","cat":314027},{"id":265156,"n":"Fromage apéritif Apéricube Montagne 48 cubes 250g","p":4.17,"u":"16,68 €/KG","img":"https://fd8-photos.leclercdrive.fr/image.ashx?id=2908924&use=l&cat=p&typeid=i","cat":314027},{"id":265443,"n":"Martini Bianco 14.5° - 1L","p":10.3,"u":"10,30 €/L","img":"https://fd8-photos.leclercdrive.fr/image.ashx?id=2941952&use=l&cat=p&typeid=i","cat":284913},{"id":265459,"n":"Lessive en poudre Rainett Aloe vera - 1.45kg","p":8.13,"u":"5,61 €/KG","img":"https://fd8-photos.leclercdrive.fr/image.ashx?id=2912539&use=l&cat=p&typeid=i","cat":284642},{"id":265463,"n":"Fromage fouetté Madame Loïk Ail & Fines herbes x9 - 150g","p":1.89,"pp":1.32,"u":"8,80 €/KG","img":"https://fd8-photos.leclercdrive.fr/image.ashx?id=3008509&use=l&cat=p&typeid=i","cat":314029},{"id":265513,"n":"Liquide adoucissant Lenor Fleur de jasmin 882ml","p":5.01,"u":"5,68 €/L","img":"https://fd8-photos.leclercdrive.fr/image.ashx?id=2917103&use=l&cat=p&typeid=i","cat":284650},{"id":265514,"n":"Adoucissant Lenor collection Jasmin et rose de mai 1.155L","p":4.53,"u":"3,92 €/L","img":"https://fd8-photos.leclercdrive.fr/image.ashx?id=2912701&use=l&cat=p&typeid=i","cat":284650},{"id":265515,"n":"Adoucissant liquide Lenor Peaux sensibles - 882ml x42","p":5.18,"u":"5,87 €/L","img":"https://fd8-photos.leclercdrive.fr/image.ashx?id=2917100&use=l&cat=p&typeid=i","cat":284650},{"id":265519,"n":"Adoucissant Lenor Fresh Air Jardins en fleurs - 504ml x36","p":4.53,"u":"8,99 €/L","img":"https://fd8-photos.leclercdrive.fr/image.ashx?id=2912686&use=l&cat=p&typeid=i","cat":284650},{"id":265521,"n":"Parfum de linge Lenor Fraîcheur florale - 235g - x19","p":7.77,"u":"33,06 €/KG","img":"https://fd8-photos.leclercdrive.fr/image.ashx?id=2912692&use=l&cat=p&typeid=i","cat":325302},{"id":265796,"n":"Lingettes désinfectantes Sanytol - Eucalyptus x160","p":3.45,"img":"https://fd8-photos.leclercdrive.fr/image.ashx?id=2966430&use=l&cat=p&typeid=i","cat":325358},{"id":265803,"n":"Dentifrice Elmex Email Clinical Expert - Soin email - 2x75ml","p":8.93,"u":"59,53 €/L","img":"https://fd8-photos.leclercdrive.fr/image.ashx?id=2911597&use=l&cat=p&typeid=i","cat":284612},{"id":265859,"n":"Goûter laitier Récré O'lé  Saveur biscuit x20  - 1.7kg","p":10.6,"u":"6,24 €/KG","img":"https://fd8-photos.leclercdrive.fr/image.ashx?id=2913352&use=l&cat=p&typeid=i","cat":284506},{"id":265894,"n":"Boisson Powerade Ice Storm 1L","p":2.19,"u":"2,19 €/L","img":"https://fd8-photos.leclercdrive.fr/image.ashx?id=2914132&use=l&cat=p&typeid=i","cat":284533},{"id":265920,"n":"Tablette lave-vaisselle Fairy  Platinium Anti-terne - 388g","p":10.39,"u":"26,78 €/KG","img":"https://fd8-photos.leclercdrive.fr/image.ashx?id=2914879&use=l&cat=p&typeid=i","cat":284656},{"id":265941,"n":"Dentifrice Sensodyne Soin gencives 3x75ml","p":9.83,"pp":5.9,"u":"26,22 €/L","img":"https://fd8-photos.leclercdrive.fr/image.ashx?id=3009020&use=l&cat=p&typeid=i","cat":284612},{"id":265947,"n":"Dentifrice Sensodyne  Soin complet 3x75ml","p":9.83,"pp":5.9,"u":"26,22 €/L","img":"https://fd8-photos.leclercdrive.fr/image.ashx?id=3009023&use=l&cat=p&typeid=i","cat":284612},{"id":265950,"n":"Dentifrice Sensodyne Soin blancheur 3x75ml","p":9.83,"pp":5.9,"u":"26,22 €/L","img":"https://fd8-photos.leclercdrive.fr/image.ashx?id=3009026&use=l&cat=p&typeid=i","cat":284612},{"id":265952,"n":"Saucisse sèche piment Espelette Nos Régions ont du Talent 250g","p":4.65,"u":"18,60 €/KG","img":"https://fd8-photos.leclercdrive.fr/image.ashx?id=2972623&use=l&cat=p&typeid=i","cat":316006},{"id":266078,"n":"Lessive liquide Persil Douceur d'amande - 2.565L x61","p":10.79,"u":"4,21 €/L","img":"https://fd8-photos.leclercdrive.fr/image.ashx?id=2944497&use=l&cat=p&typeid=i","cat":284640},{"id":266106,"n":"Adoucissant Soupline Concentré Ultra Moments magiques - 800ml","p":6.45,"u":"8,06 €/L","img":"https://fd8-photos.leclercdrive.fr/image.ashx?id=2914225&use=l&cat=p&typeid=i","cat":284650},{"id":266107,"n":"Gel WC Harpic Power Plus 750ml","p":2.39,"u":"3,19 €/L","img":"https://fd8-photos.leclercdrive.fr/image.ashx?id=2914027&use=l&cat=p&typeid=i","cat":284662},{"id":266108,"n":"Bloc WC Harpic Hygienic & Fresh Pin Eucalyptus - x2","p":2.13,"img":"https://fd8-photos.leclercdrive.fr/image.ashx?id=2914636&use=l&cat=p&typeid=i","cat":284662},{"id":266111,"n":"Bloc WC Harpic Hygienic & Fresh 2.0 Marine - x2","p":1.72,"img":"https://fd8-photos.leclercdrive.fr/image.ashx?id=2914024&use=l&cat=p&typeid=i","cat":284662},{"id":266113,"n":"Lessive liquide Ariel Unstoppable - x30 1.350L","p":9.88,"u":"7,32 €/L","img":"https://fd8-photos.leclercdrive.fr/image.ashx?id=2914144&use=l&cat=p&typeid=i","cat":284640},{"id":266123,"n":"Jambon Sec fines et fondantes Aoste nature 4 tranches - 67g","p":2.69,"u":"40,15 €/KG","img":"https://fd8-photos.leclercdrive.fr/image.ashx?id=2937196&use=l&cat=p&typeid=i","cat":316007},{"id":266143,"n":"Adoucissant Lenor Fresh Air Rayons soleil - 504ml - x36D","p":4.53,"u":"8,99 €/L","img":"https://fd8-photos.leclercdrive.fr/image.ashx?id=2914153&use=l&cat=p&typeid=i","cat":284650},{"id":266145,"n":"Adoucissant Lenor Fresh Air Soleil tropical - 504ml - x36","p":4.53,"u":"8,99 €/L","img":"https://fd8-photos.leclercdrive.fr/image.ashx?id=2914156&use=l&cat=p&typeid=i","cat":284650},{"id":266147,"n":"Parfum de linge Lenor Parfum d'Ariel - x13 - 155g","p":4.53,"u":"29,23 €/KG","img":"https://fd8-photos.leclercdrive.fr/image.ashx?id=2914159&use=l&cat=p&typeid=i","cat":325302},{"id":266149,"n":"Adoucissant Lenor Fresh Air Fraîcheur matinale 504ml - x36","p":4.53,"u":"8,99 €/L","img":"https://fd8-photos.leclercdrive.fr/image.ashx?id=2914150&use=l&cat=p&typeid=i","cat":284650},{"id":266156,"n":"Lessive capsuleS Ariel Pods+ Unstoppable - 515g - x26","p":14.02,"u":"27,22 €/KG","img":"https://fd8-photos.leclercdrive.fr/image.ashx?id=2914852&use=l&cat=p&typeid=i","cat":284641},{"id":266157,"n":"Lessive capsules Ariel Pods Grandiose Original 762g x21","p":14.39,"u":"18,88 €/KG","img":"https://fd8-photos.leclercdrive.fr/image.ashx?id=2914180&use=l&cat=p&typeid=i","cat":284641},{"id":266163,"n":"Parfum de linge Lenor Jasmin & Rose de mai 155g x13","p":4.53,"u":"29,23 €/KG","img":"https://fd8-photos.leclercdrive.fr/image.ashx?id=2914162&use=l&cat=p&typeid=i","cat":325302},{"id":266166,"n":"Lessive capsules Ariel 3en1 Pods - Alpine - 546g - x30","p":13.54,"u":"24,80 €/KG","img":"https://fd8-photos.leclercdrive.fr/image.ashx?id=2914177&use=l&cat=p&typeid=i","cat":284641},{"id":266167,"n":"Fromage enfant Mini Babybel Emmental 6 portions","p":2.25,"u":"0,38 €/P","img":"https://fd8-photos.leclercdrive.fr/image.ashx?id=2911915&use=l&cat=p&typeid=i","cat":314030},{"id":266177,"n":"Adoucissant Soupline Lenor Ambre & orchidée - 1.155L x55","p":4.53,"u":"3,92 €/L","img":"https://fd8-photos.leclercdrive.fr/image.ashx?id=2914165&use=l&cat=p&typeid=i","cat":284650},{"id":266181,"n":"Adoucissant Lenor Bouquet floral - 1.155L - x55","p":4.53,"u":"3,92 €/L","img":"https://fd8-photos.leclercdrive.fr/image.ashx?id=2914174&use=l&cat=p&typeid=i","cat":284650},{"id":266182,"n":"Adoucissant Lenor Ambre & orchidée - 882ml - x42","p":4.65,"u":"5,27 €/L","img":"https://fd8-photos.leclercdrive.fr/image.ashx?id=2914864&use=l&cat=p&typeid=i","cat":284650},{"id":266199,"n":"Adoucissant Soupline Ultra Fraîcheur infinie rosée 800ml","p":5.9,"u":"7,38 €/L","img":"https://fd8-photos.leclercdrive.fr/image.ashx?id=2991027&use=l&cat=p&typeid=i","cat":284650},{"id":266201,"n":"Adoucissant Soupline Ultra Fraîcheur infinie lagon 800ml","p":6.39,"u":"7,99 €/L","img":"https://fd8-photos.leclercdrive.fr/image.ashx?id=2991024&use=l&cat=p&typeid=i","cat":284650},{"id":266203,"n":"Adoucissant Soupline Ultra concentré Rose éclatante 800 ml","p":6.45,"u":"8,06 €/L","img":"https://fd8-photos.leclercdrive.fr/image.ashx?id=2914210&use=l&cat=p&typeid=i","cat":284650},{"id":266206,"n":"Adoucissant Soupline Ultra concentré Fraicheur Azur 800 ml","p":5.9,"u":"7,38 €/L","img":"https://fd8-photos.leclercdrive.fr/image.ashx?id=2991030&use=l&cat=p&typeid=i","cat":284650},{"id":266208,"n":"Adoucissant Soupline Ultra concentré Soin Expert 800 ml","p":6.49,"u":"8,11 €/L","img":"https://fd8-photos.leclercdrive.fr/image.ashx?id=2914222&use=l&cat=p&typeid=i","cat":284650},{"id":266213,"n":"Adoucissant Soupline Emotion ambré - 1260ml","p":6.69,"u":"5,31 €/L","img":"https://fd8-photos.leclercdrive.fr/image.ashx?id=2914231&use=l&cat=p&typeid=i","cat":284650},{"id":266229,"n":"Bonbons Carambar CaraHéros  Caramel - Citron - Cola - 380g","p":3.48,"u":"9,16 €/KG","img":"https://fd8-photos.leclercdrive.fr/image.ashx?id=2912344&use=l&cat=p&typeid=i","cat":304250},{"id":266232,"n":"Riz risotto Taureau Ailé 1kg","p":4.59,"u":"4,59 €/KG","img":"https://fd8-photos.leclercdrive.fr/image.ashx?id=2914696&use=l&cat=p&typeid=i","cat":284428},{"id":266234,"n":"Pop Corn Micro-ondable Vico Pop caramel - 240g","p":2.05,"u":"8,54 €/KG","img":"https://fd8-photos.leclercdrive.fr/image.ashx?id=2913940&use=l&cat=p&typeid=i","cat":304249},{"id":266236,"n":"Cubes Filet de poulet Bon Plan Douce France - 400g","p":6.22,"u":"15,55 €/KG","img":"https://fd8-photos.leclercdrive.fr/image.ashx?id=2913988&use=l&cat=p&typeid=i","cat":284336},{"id":266435,"n":"Brume adoucissant Soupline Grand air - Anti-plis 300ml","p":6.99,"u":"23,30 €/L","img":"https://fd8-photos.leclercdrive.fr/image.ashx?id=2967974&use=l&cat=p&typeid=i","cat":284650},{"id":266438,"n":"Lessive liquide Ariel Protection fibres - 1.350ml x30","p":9.88,"u":"7,32 €/L","img":"https://fd8-photos.leclercdrive.fr/image.ashx?id=2914825&use=l&cat=p&typeid=i","cat":284640},{"id":266444,"n":"Lessive capsules Ariel 3en1 Original - 546g - x30","p":11.56,"u":"21,17 €/KG","img":"https://fd8-photos.leclercdrive.fr/image.ashx?id=2914834&use=l&cat=p&typeid=i","cat":284641},{"id":266445,"n":"Lessive capsules Ariel Pods+ Active - 554g - x26","p":13.06,"u":"23,57 €/KG","img":"https://fd8-photos.leclercdrive.fr/image.ashx?id=2914843&use=l&cat=p&typeid=i","cat":284641},{"id":266466,"n":"Lessive capsules Ariel Pods+ Ultra détachant - 606g x26","p":13.77,"u":"22,72 €/KG","img":"https://fd8-photos.leclercdrive.fr/image.ashx?id=2914846&use=l&cat=p&typeid=i","cat":284641},{"id":266706,"n":"Pain de mie La Boulangère Complet & graines - 500g","p":1.99,"u":"3,98 €/KG","img":"https://fd8-photos.leclercdrive.fr/image.ashx?id=2926693&use=l&cat=p&typeid=i","cat":284477},{"id":267004,"n":"Soda Coca Cola Cherry Canette 6x20cl","p":4.2,"u":"3,50 €/L","img":"https://fd8-photos.leclercdrive.fr/image.ashx?id=2916438&use=l&cat=p&typeid=i","cat":284530},{"id":267005,"n":"Soda Coca-Cola Lemon Bouteille - 1,25L","p":2.25,"u":"1,80 €/L","img":"https://fd8-photos.leclercdrive.fr/image.ashx?id=2916435&use=l&cat=p&typeid=i","cat":284530},{"id":267014,"n":"Tortillas de blé Old El Paso Complet x10 - 580g","p":3.89,"u":"6,71 €/KG","img":"https://fd8-photos.leclercdrive.fr/image.ashx?id=2916492&use=l&cat=p&typeid=i","cat":288993},{"id":267183,"n":"Citronnade Montebelo Brasil Citron vert - 1L","p":1.51,"u":"1,51 €/L","img":"https://fd8-photos.leclercdrive.fr/image.ashx?id=2916342&use=l&cat=p&typeid=i","cat":284915},{"id":267328,"n":"Nettoyant désinfectant Clair 1.5L","p":1.85,"u":"1,23 €/L","img":"https://fd8-photos.leclercdrive.fr/image.ashx?id=2916593&use=l&cat=p&typeid=i","cat":325357},{"id":267332,"n":"Adoucissant Cajoline Créations Souffle de fraîcheur 1.386L x66","p":5.69,"u":"4,11 €/L","img":"https://fd8-photos.leclercdrive.fr/image.ashx?id=2917109&use=l&cat=p&typeid=i","cat":284650},{"id":267333,"n":"Adoucissant Cajoline Créations Fleur de tiaré & Pivoine 1.386L","p":5.69,"u":"4,11 €/L","img":"https://fd8-photos.leclercdrive.fr/image.ashx?id=2917112&use=l&cat=p&typeid=i","cat":284650},{"id":267341,"n":"Adoucissant Cajoline Elixir Bouquet estival - 460ml","p":5.72,"u":"12,43 €/L","img":"https://fd8-photos.leclercdrive.fr/image.ashx?id=2940672&use=l&cat=p&typeid=i","cat":284650},{"id":267342,"n":"Adoucissant liquide Cajoline Elixir Brise printanière 460ml","p":5.72,"u":"12,43 €/L","img":"https://fd8-photos.leclercdrive.fr/image.ashx?id=3000896&use=l&cat=p&typeid=i","cat":284650},{"id":267371,"n":"Adoucissant Cajoline Créations Fleur de la passion 1.386L x66","p":5.35,"u":"3,86 €/L","img":"https://fd8-photos.leclercdrive.fr/image.ashx?id=2918107&use=l&cat=p&typeid=i","cat":284650},{"id":267391,"n":"Adoucissant Cajoline Origines Brise printanière 1.254L x66","p":7.07,"u":"5,64 €/L","img":"https://fd8-photos.leclercdrive.fr/image.ashx?id=2918110&use=l&cat=p&typeid=i","cat":284650},{"id":267412,"n":"Matin+ Pamplemousse Framboise - 90cl","p":2.04,"u":"2,27 €/L","img":"https://fd8-photos.leclercdrive.fr/image.ashx?id=2917735&use=l&cat=p&typeid=i","cat":284914},{"id":267433,"n":"Matin+ Mandarine, Kaki Passion - 90cl","p":2.49,"u":"2,77 €/L","img":"https://fd8-photos.leclercdrive.fr/image.ashx?id=2917729&use=l&cat=p&typeid=i","cat":284915},{"id":267435,"n":"Matin+ Mandarine, Mangue Banane - 90cl","p":2.04,"u":"2,27 €/L","img":"https://fd8-photos.leclercdrive.fr/image.ashx?id=2917732&use=l&cat=p&typeid=i","cat":284915},{"id":268030,"n":"Culottes Pampers Premium Protection Pants - Taille 4 x31","p":16.87,"u":"0,54 €/P","img":"https://fd8-photos.leclercdrive.fr/image.ashx?id=2919937&use=l&cat=p&typeid=i","cat":290633},{"id":268038,"n":"Couches Pampers Baby-dry Taille 4 - x43","p":14.37,"u":"0,33 €/P","img":"https://fd8-photos.leclercdrive.fr/image.ashx?id=2942003&use=l&cat=p&typeid=i","cat":284737},{"id":268039,"n":"Couches Pampers Baby-Dry Taille 5 - x38","p":16.48,"u":"0,43 €/P","img":"https://fd8-photos.leclercdrive.fr/image.ashx?id=2919976&use=l&cat=p&typeid=i","cat":284737},{"id":268042,"n":"Culottes Pampers Baby-Dry Pants Taille 5 - x36","p":16.91,"u":"0,47 €/P","img":"https://fd8-photos.leclercdrive.fr/image.ashx?id=2920006&use=l&cat=p&typeid=i","cat":290633},{"id":268050,"n":"Couches Pampers Baby-Dry Taille 6 - x33","p":16.78,"u":"0,51 €/P","img":"https://fd8-photos.leclercdrive.fr/image.ashx?id=2941994&use=l&cat=p&typeid=i","cat":284737},{"id":268052,"n":"Couches Pampers Baby-Dry Taille 5+ - x35","p":17.09,"u":"0,49 €/P","img":"https://fd8-photos.leclercdrive.fr/image.ashx?id=2942006&use=l&cat=p&typeid=i","cat":284737},{"id":268054,"n":"Couches Pampers Baby-Dry Taille 3 - x50","p":16.08,"u":"0,32 €/P","img":"https://fd8-photos.leclercdrive.fr/image.ashx?id=2919988&use=l&cat=p&typeid=i","cat":284737},{"id":268058,"n":"Box XXL Radiatori Côté Snack Poulet crème et Emmental 400g","p":2.99,"u":"7,48 €/KG","img":"https://fd8-photos.leclercdrive.fr/image.ashx?id=2918520&use=l&cat=p&typeid=i","cat":334983},{"id":268076,"n":"Compotes Coeur de fruits Andros Pomme ananas passion 4x100g","p":1.71,"u":"4,28 €/KG","img":"https://fd8-photos.leclercdrive.fr/image.ashx?id=2919856&use=l&cat=p&typeid=i","cat":284416},{"id":268179,"n":"Culottes Pampers Premium Protection Pants - Taille 5 x29","p":16.79,"u":"0,58 €/P","img":"https://fd8-photos.leclercdrive.fr/image.ashx?id=3009245&use=l&cat=p&typeid=i","cat":290633},{"id":268185,"n":"Couches Pampers Baby-Dry Taille 4+ - x39","p":16.82,"u":"0,43 €/P","img":"https://fd8-photos.leclercdrive.fr/image.ashx?id=2941997&use=l&cat=p&typeid=i","cat":284737},{"id":268189,"n":"Couches Pampers Premium Protection Taille 3 x46","p":16.98,"u":"0,37 €/P","img":"https://fd8-photos.leclercdrive.fr/image.ashx?id=2991009&use=l&cat=p&typeid=i","cat":284737},{"id":268192,"n":"Culottes Pampers Baby-Dry Pants Taille 4 - x41","p":16.82,"u":"0,41 €/P","img":"https://fd8-photos.leclercdrive.fr/image.ashx?id=2920012&use=l&cat=p&typeid=i","cat":290633},{"id":268231,"n":"Penne Rigate Barilla  Protein + - 400g","p":2.19,"u":"5,48 €/KG","img":"https://fd8-photos.leclercdrive.fr/image.ashx?id=2919928&use=l&cat=p&typeid=i","cat":284427},{"id":268234,"n":"Spaghetti Barilla  Protein + - 400g","p":1.92,"u":"4,80 €/KG","img":"https://fd8-photos.leclercdrive.fr/image.ashx?id=2919931&use=l&cat=p&typeid=i","cat":284427},{"id":268236,"n":"Fusilli Barilla  Protein + - 400g","p":2.2,"u":"5,50 €/KG","img":"https://fd8-photos.leclercdrive.fr/image.ashx?id=2919925&use=l&cat=p&typeid=i","cat":284427},{"id":268345,"n":"Biscuits fourrés BN Chocolat caramel - x3 - 855g","p":6.44,"u":"7,53 €/KG","img":"https://fd8-photos.leclercdrive.fr/image.ashx?id=2921474&use=l&cat=p&typeid=i","cat":284488},{"id":268346,"n":"Biscuits BN fourrés chocolat à la pâte à tartiner- x3 - 855g","p":6.44,"u":"7,53 €/KG","img":"https://fd8-photos.leclercdrive.fr/image.ashx?id=2921477&use=l&cat=p&typeid=i","cat":284488},{"id":268352,"n":"Dentifrice Oral B Pro Expert  Healthy Whitening - 75ml","p":5.19,"u":"69,20 €/L","img":"https://fd8-photos.leclercdrive.fr/image.ashx?id=2920567&use=l&cat=p&typeid=i","cat":284612},{"id":268373,"n":"Entrecôte de boeuf *** L'Atelier Boucherie x2 - 360g","p":10.58,"u":"29,39 €/KG","img":"https://fd8-photos.leclercdrive.fr/image.ashx?id=2930564&use=l&cat=p&typeid=i","cat":284328},{"id":268375,"n":"Faux filet de boeuf *** L'Atelier Boucherie x2 - 330g","p":9.04,"u":"27,39 €/KG","img":"https://fd8-photos.leclercdrive.fr/image.ashx?id=2930567&use=l&cat=p&typeid=i","cat":284328},{"id":268378,"n":"Steak de boeuf ** L'Atelier Boucherie x1 - 140g","p":3.03,"u":"21,64 €/KG","img":"https://fd8-photos.leclercdrive.fr/image.ashx?id=2930570&use=l&cat=p&typeid=i","cat":284328},{"id":268382,"n":"Escalope de veau *** L'Atelier Boucherie x1 - 140g","p":3.99,"u":"28,50 €/KG","img":"https://fd8-photos.leclercdrive.fr/image.ashx?id=2930573&use=l&cat=p&typeid=i","cat":284329},{"id":268384,"n":"Côte échine de porc L'Atelier Boucherie x2 - 350g","p":2.97,"u":"8,49 €/KG","img":"https://fd8-photos.leclercdrive.fr/image.ashx?id=2935573&use=l&cat=p&typeid=i","cat":284331},{"id":268465,"n":"Pepsi pack de 6 canettes  6x33cl","p":2.88,"u":"1,45 €/L","img":"https://fd8-photos.leclercdrive.fr/image.ashx?id=2921540&use=l&cat=p&typeid=i","cat":284530},{"id":268468,"n":"Thé glacé Lipton Framboise  1.75L","p":2.19,"u":"1,25 €/L","img":"https://fd8-photos.leclercdrive.fr/image.ashx?id=2921103&use=l&cat=p&typeid=i","cat":295019},{"id":268762,"n":"Dentifrice Oral B Expert  75ml","p":3.8,"u":"50,67 €/L","img":"https://fd8-photos.leclercdrive.fr/image.ashx?id=2920883&use=l&cat=p&typeid=i","cat":284612},{"id":268815,"n":"Pampers Baby Dry x74","p":35.93,"u":"0,49 €/P","img":"https://fd8-photos.leclercdrive.fr/image.ashx?id=2922266&use=l&cat=p&typeid=i","cat":290633},{"id":268818,"n":"Pampers Baby Dry Taille 4 - x94","p":35.9,"u":"0,38 €/P","img":"https://fd8-photos.leclercdrive.fr/image.ashx?id=2922272&use=l&cat=p&typeid=i","cat":290633},{"id":268821,"n":"Couches Pampers Baby Dry x98","p":36.29,"u":"0,37 €/P","img":"https://fd8-photos.leclercdrive.fr/image.ashx?id=2922278&use=l&cat=p&typeid=i","cat":284737},{"id":268832,"n":"Couches Pampers Premium Taille 3 - x112","p":35.71,"u":"0,32 €/P","img":"https://fd8-photos.leclercdrive.fr/image.ashx?id=2922251&use=l&cat=p&typeid=i","cat":284737},{"id":269137,"n":"Roquefort AOP Société douceur 100g","p":2.55,"u":"25,50 €/KG","img":"https://fd8-photos.leclercdrive.fr/image.ashx?id=2922539&use=l&cat=p&typeid=i","cat":314032},{"id":269197,"n":"Lessive liquide Persil  Douceur d'amande - 1.806","p":7.85,"u":"4,35 €/L","img":"https://fd8-photos.leclercdrive.fr/image.ashx?id=2944491&use=l&cat=p&typeid=i","cat":284640},{"id":269386,"n":"Lessive Liquide Persil Peaux Sensibles 43 lavages","p":7.98,"u":"4,42 €/L","img":"https://fd8-photos.leclercdrive.fr/image.ashx?id=2945838&use=l&cat=p&typeid=i","cat":284640},{"id":269504,"n":"Fromage Leerdammer Croque Gourmand 8 tranches - 200g","p":1.95,"u":"9,75 €/KG","img":"https://fd8-photos.leclercdrive.fr/image.ashx?id=3004858&use=l&cat=p&typeid=i","cat":314028},{"id":269562,"n":"Skyr à boire Siggi's Framboise 250g","p":1.34,"u":"5,36 €/KG","img":"https://fd8-photos.leclercdrive.fr/image.ashx?id=2927282&use=l&cat=p&typeid=i","cat":315000},{"id":269798,"n":"Boisson energisante Red Bull Zéro - 4x250ml","p":4.99,"u":"4,99 €/L","img":"https://fd8-photos.leclercdrive.fr/image.ashx?id=3011998&use=l&cat=p&typeid=i","cat":284533},{"id":269912,"n":"P'tit gourmand Nestlé  Vanille - 4x100g","p":1.6,"u":"4,00 €/KG","img":"https://fd8-photos.leclercdrive.fr/image.ashx?id=2946278&use=l&cat=p&typeid=i","cat":312392},{"id":270164,"n":"Sauce pesto Barilla Basilic mozzarella - 190g","p":2.65,"u":"13,95 €/KG","img":"https://fd8-photos.leclercdrive.fr/image.ashx?id=2927699&use=l&cat=p&typeid=i","cat":287599},{"id":270165,"n":"Sauce tomate Barilla Mijoté avec du porc - 300g","p":2.12,"u":"7,07 €/KG","img":"https://fd8-photos.leclercdrive.fr/image.ashx?id=2927696&use=l&cat=p&typeid=i","cat":287599},{"id":270169,"n":"Sauce bolognaise Barilla 300g","p":2.29,"u":"7,63 €/KG","img":"https://fd8-photos.leclercdrive.fr/image.ashx?id=2927693&use=l&cat=p&typeid=i","cat":299047},{"id":270171,"n":"Sauce tomate Barilla à la pancetta - 300g","p":2.12,"u":"7,07 €/KG","img":"https://fd8-photos.leclercdrive.fr/image.ashx?id=2927690&use=l&cat=p&typeid=i","cat":299047},{"id":270172,"n":"Bâtonnet Oasis So Fruiz Fruits rouges coeur vanille x6 282g","p":2.63,"u":"9,33 €/KG","img":"https://fd8-photos.leclercdrive.fr/image.ashx?id=2927399&use=l&cat=p&typeid=i","cat":284265},{"id":270365,"n":"Filets maquereaux Petit Navire Sauce catalane - 169g","p":1.87,"u":"11,07 €/KG","img":"https://fd8-photos.leclercdrive.fr/image.ashx?id=3010834&use=l&cat=p&typeid=i","cat":303868},{"id":270463,"n":"Biscuits Baiocchi Pistache Mulino Bianco - 168g","p":3.1,"u":"18,45 €/KG","img":"https://fd8-photos.leclercdrive.fr/image.ashx?id=2929533&use=l&cat=p&typeid=i","cat":284487},{"id":270473,"n":"Dessert lacté Nestlé Biscuit dès 6mois - 4x100g","p":1.6,"u":"4,00 €/KG","img":"https://fd8-photos.leclercdrive.fr/image.ashx?id=2934914&use=l&cat=p&typeid=i","cat":312392},{"id":270766,"n":"Eau aromatisée Vittel Aro Fraise framboise - 1L","p":1.04,"u":"1,04 €/L","img":"https://fd8-photos.leclercdrive.fr/image.ashx?id=2940624&use=l&cat=p&typeid=i","cat":284537},{"id":270767,"n":"Eau aromatisée Vittel Aro Fraise framboise - 4x50cl","p":3.57,"u":"3,57 €/L","img":"https://fd8-photos.leclercdrive.fr/image.ashx?id=2940621&use=l&cat=p&typeid=i","cat":284537},{"id":270768,"n":"Eau aromatisée Vittel Aro Pêche abricot - 1L","p":1.04,"u":"1,04 €/L","img":"https://fd8-photos.leclercdrive.fr/image.ashx?id=2940627&use=l&cat=p&typeid=i","cat":284537},{"id":270900,"n":"Fromager saumon fumé Savour 140g","p":2.39,"u":"17,07 €/KG","img":"https://fd8-photos.leclercdrive.fr/image.ashx?id=2992612&use=l&cat=p&typeid=i","cat":315999},{"id":270988,"n":"Capsules café L'Or Espresso Brésil N°8 x30","p":9.89,"u":"63,40 €/KG","img":"https://fd8-photos.leclercdrive.fr/image.ashx?id=2938295&use=l&cat=p&typeid=i","cat":284749},{"id":271047,"n":"Pinsa Harry's 230g","p":2.81,"u":"12,22 €/KG","img":"https://fd8-photos.leclercdrive.fr/image.ashx?id=2936377&use=l&cat=p&typeid=i","cat":284359},{"id":271240,"n":"Rocher Poulain Chocolat noir - x7 - 224g","p":3.94,"u":"17,59 €/KG","img":"https://fd8-photos.leclercdrive.fr/image.ashx?id=2963463&use=l&cat=p&typeid=i","cat":284499},{"id":271477,"n":"Pain carré La Boulangère 525g","p":2.49,"u":"4,74 €/KG","img":"https://fd8-photos.leclercdrive.fr/image.ashx?id=2937460&use=l&cat=p&typeid=i","cat":284359},{"id":271999,"n":"Soin douche Le Petit  Marseillais Lait d'avoine 400ml","p":2.75,"u":"6,88 €/L","img":"https://fd8-photos.leclercdrive.fr/image.ashx?id=2937298&use=l&cat=p&typeid=i","cat":284594},{"id":272001,"n":"Soin douche Le Petit Marseillais Lait de riz 400ml","p":2.75,"u":"6,88 €/L","img":"https://fd8-photos.leclercdrive.fr/image.ashx?id=2937301&use=l&cat=p&typeid=i","cat":284594},{"id":272116,"n":"Chips Savour Poivre noir - 120g","p":1.65,"u":"13,75 €/KG","img":"https://fd8-photos.leclercdrive.fr/image.ashx?id=2933470&use=l&cat=p&typeid=i","cat":284447},{"id":272136,"n":"Chocolat Côte d'Or Lait noisettes - 100g","p":2.49,"u":"24,90 €/KG","img":"https://fd8-photos.leclercdrive.fr/image.ashx?id=2963988&use=l&cat=p&typeid=i","cat":284957},{"id":272141,"n":"Chocolat Côte d'Or Noir noisettes - 100g","p":2.49,"u":"24,90 €/KG","img":"https://fd8-photos.leclercdrive.fr/image.ashx?id=2963991&use=l&cat=p&typeid=i","cat":284956},{"id":272365,"n":"Mozza di bufala campana DOP DOP Tradizioni d'Italia - 2x50g","p":1.99,"u":"7,24 €/KG","img":"https://fd8-photos.leclercdrive.fr/image.ashx?id=2953674&use=l&cat=p&typeid=i","cat":314026},{"id":272699,"n":"Barres céréales Kellogg's Choco Corn Flakes x6 - 144g","p":1.61,"u":"11,18 €/KG","img":"https://fd8-photos.leclercdrive.fr/image.ashx?id=2941071&use=l&cat=p&typeid=i","cat":300032},{"id":272702,"n":"Céréales Trésor Kellogg's  Choco Brownie - 375g","p":2.6,"u":"6,93 €/KG","img":"https://fd8-photos.leclercdrive.fr/image.ashx?id=2938821&use=l&cat=p&typeid=i","cat":309513},{"id":272978,"n":"Stylo Bic Cristal Original Format spécial x20","p":4.9,"img":"https://fd8-photos.leclercdrive.fr/image.ashx?id=2938641&use=l&cat=p&typeid=i","cat":284696},{"id":273415,"n":"Tourtel Twist citron 0% alcool 27.5cl","p":1.07,"u":"3,89 €/L","img":"https://fd8-photos.leclercdrive.fr/image.ashx?id=2941514&use=l&cat=p&typeid=i","cat":334877},{"id":273471,"n":"Raviolini Rana Kiri & Jambon - 250g","p":2.41,"u":"9,64 €/KG","img":"https://fd8-photos.leclercdrive.fr/image.ashx?id=2964060&use=l&cat=p&typeid=i","cat":333682},{"id":273844,"n":"Duo de petits récipients Monbento - 2x100ml","p":11.0,"img":"https://fd8-photos.leclercdrive.fr/image.ashx?id=2943009&use=l&cat=p&typeid=i","cat":334134},{"id":273845,"n":"Gourde aluminium Monbento 650ml","p":15.0,"img":"https://fd8-photos.leclercdrive.fr/image.ashx?id=3005742&use=l&cat=p&typeid=i","cat":284710},{"id":273850,"n":"Boîte de conservation Monbento Carrée - 600ml","p":14.0,"img":"https://fd8-photos.leclercdrive.fr/image.ashx?id=3005727&use=l&cat=p&typeid=i","cat":284710},{"id":273852,"n":"Sac repas Monbento x1","p":20.0,"img":"https://fd8-photos.leclercdrive.fr/image.ashx?id=3005730&use=l&cat=p&typeid=i","cat":313597},{"id":273859,"n":"Boîte repas Monbento 1 étage","p":28.0,"img":"https://fd8-photos.leclercdrive.fr/image.ashx?id=3005745&use=l&cat=p&typeid=i","cat":284710},{"id":274347,"n":"Sauté de veau William Saurin Legumes - 280g","p":3.34,"u":"11,93 €/KG","img":"https://fd8-photos.leclercdrive.fr/image.ashx?id=2943984&use=l&cat=p&typeid=i","cat":284953},{"id":274348,"n":"Recettes terrine Lily's Kitchen 6x150g","p":7.66,"u":"8,51 €/KG","img":"https://fd8-photos.leclercdrive.fr/image.ashx?id=2944350&use=l&cat=p&typeid=i","cat":284673},{"id":274378,"n":"Yaourts La Laitière Noix de coco - 4x125g","p":1.73,"u":"3,46 €/KG","img":"https://fd8-photos.leclercdrive.fr/image.ashx?id=2945406&use=l&cat=p&typeid=i","cat":286006},{"id":274384,"n":"Pâtée pour chien Lily's Kitchen Poulet et légumes - 400g","p":2.98,"u":"7,45 €/KG","img":"https://fd8-photos.leclercdrive.fr/image.ashx?id=2944927&use=l&cat=p&typeid=i","cat":288578},{"id":274385,"n":"Friandises Lily's Kitchen au boeuf - 70g","p":3.14,"u":"44,86 €/KG","img":"https://fd8-photos.leclercdrive.fr/image.ashx?id=2944930&use=l&cat=p&typeid=i","cat":294527},{"id":274386,"n":"Friandises Lily's Kitchen au poulet - 70g","p":3.14,"u":"44,86 €/KG","img":"https://fd8-photos.leclercdrive.fr/image.ashx?id=2944933&use=l&cat=p&typeid=i","cat":294527},{"id":274395,"n":"Friandises Lily's Kitchen Poulet et Saumon - 70g","p":3.14,"u":"44,86 €/KG","img":"https://fd8-photos.leclercdrive.fr/image.ashx?id=2944936&use=l&cat=p&typeid=i","cat":294527},{"id":274403,"n":"Friandises Lily's Kitchen  au Canard - 70g","p":3.14,"u":"44,86 €/KG","img":"https://fd8-photos.leclercdrive.fr/image.ashx?id=2944939&use=l&cat=p&typeid=i","cat":294527},{"id":274409,"n":"Pâtée pour chien Lily's Kitchen Chevreuil, Faisan Saumon - 400g","p":2.98,"u":"7,45 €/KG","img":"https://fd8-photos.leclercdrive.fr/image.ashx?id=2944942&use=l&cat=p&typeid=i","cat":288578},{"id":274410,"n":"Terrine Lily's Kitchen  Boeuf et légumes - 150g","p":1.39,"u":"9,27 €/KG","img":"https://fd8-photos.leclercdrive.fr/image.ashx?id=2944945&use=l&cat=p&typeid=i","cat":284673},{"id":274414,"n":"Terrine Lily's Kitchen Poulet, Dinde et légumes - 150g","p":1.39,"u":"9,27 €/KG","img":"https://fd8-photos.leclercdrive.fr/image.ashx?id=2944948&use=l&cat=p&typeid=i","cat":284673},{"id":274415,"n":"Terrine Lily's Kitchen Agneau, Légumes, Myrtille- 150g","p":1.39,"u":"0,93 €/L","img":"https://fd8-photos.leclercdrive.fr/image.ashx?id=2944951&use=l&cat=p&typeid=i","cat":284673},{"id":274421,"n":"Compotes Pom'Potes Pomme  Poire Banane - x4 - 360g","p":1.84,"u":"5,11 €/KG","img":"https://fd8-photos.leclercdrive.fr/image.ashx?id=2949826&use=l&cat=p&typeid=i","cat":284508},{"id":274506,"n":"Yaourt à la Grecque Danone Nature  - 4x110g","p":1.89,"u":"4,30 €/KG","img":"https://fd8-photos.leclercdrive.fr/image.ashx?id=2992732&use=l&cat=p&typeid=i","cat":314999},{"id":274509,"n":"Yaourt à la Grecque Danone Fraise - 4x110g","p":2.55,"u":"5,80 €/KG","img":"https://fd8-photos.leclercdrive.fr/image.ashx?id=2992729&use=l&cat=p&typeid=i","cat":314999},{"id":274554,"n":"Yaourt à la Grecque Danone Citron - 4x110g","p":2.46,"u":"5,59 €/KG","img":"https://fd8-photos.leclercdrive.fr/image.ashx?id=2992744&use=l&cat=p&typeid=i","cat":314999},{"id":274555,"n":"Yaourt à la Grecque Danone Caramel - 4x110g","p":2.49,"u":"5,66 €/KG","img":"https://fd8-photos.leclercdrive.fr/image.ashx?id=2992741&use=l&cat=p&typeid=i","cat":314999},{"id":274977,"n":"Lingettes Carolin Multi-usages  x80","p":2.61,"u":"0,03 €/P","img":"https://fd8-photos.leclercdrive.fr/image.ashx?id=2946562&use=l&cat=p&typeid=i","cat":325358},{"id":275024,"n":"Lingettes serpillières Carolin  Tous types de sols - x15","p":2.95,"u":"0,20 €/P","img":"https://fd8-photos.leclercdrive.fr/image.ashx?id=2946970&use=l&cat=p&typeid=i","cat":284907},{"id":275025,"n":"Lingettes serpillières Carolin  pour parquets - x15","p":4.74,"u":"0,32 €/P","img":"https://fd8-photos.leclercdrive.fr/image.ashx?id=2946973&use=l&cat=p&typeid=i","cat":284907},{"id":275040,"n":"Dentastix Light Pedigree  Grand chien - x7 - 152g","p":1.43,"u":"9,41 €/KG","img":"https://fd8-photos.leclercdrive.fr/image.ashx?id=2946625&use=l&cat=p&typeid=i","cat":294527},{"id":275041,"n":"Dentastix Light Pedigree  Moyen chien - x7 - 98g","p":1.04,"u":"10,61 €/KG","img":"https://fd8-photos.leclercdrive.fr/image.ashx?id=2946628&use=l&cat=p&typeid=i","cat":294527},{"id":275203,"n":"Dessert lacté Ptit gourmand  Caramel - 4x10gg","p":1.6,"u":"4,00 €/KG","img":"https://fd8-photos.leclercdrive.fr/image.ashx?id=2978191&use=l&cat=p&typeid=i","cat":312392},{"id":275204,"n":"Semoule au lait P'tit gourmand 4x100g","p":1.6,"u":"4,00 €/KG","img":"https://fd8-photos.leclercdrive.fr/image.ashx?id=2978194&use=l&cat=p&typeid=i","cat":312392},{"id":275205,"n":"Dessert lacté P'tit Gourmand 4x100g","p":1.6,"u":"4,00 €/KG","img":"https://fd8-photos.leclercdrive.fr/image.ashx?id=2978197&use=l&cat=p&typeid=i","cat":312392},{"id":275224,"n":"Barre de céréales Lion 8x25g","p":2.99,"u":"14,95 €/KG","img":"https://fd8-photos.leclercdrive.fr/image.ashx?id=2947195&use=l&cat=p&typeid=i","cat":285869},{"id":275225,"n":"Barre de céréales Chocapic 8x25g","p":2.56,"u":"12,80 €/KG","img":"https://fd8-photos.leclercdrive.fr/image.ashx?id=2947198&use=l&cat=p&typeid=i","cat":285869},{"id":275236,"n":"Lingettes Carolin  Anti-bactériennes  - x80","p":3.35,"u":"0,04 €/P","img":"https://fd8-photos.leclercdrive.fr/image.ashx?id=2946964&use=l&cat=p&typeid=i","cat":325358},{"id":275240,"n":"Lingettes Carolin Citron Ultra dégraissant - x80","p":2.89,"u":"0,04 €/P","img":"https://fd8-photos.leclercdrive.fr/image.ashx?id=2946976&use=l&cat=p&typeid=i","cat":325358},{"id":275379,"n":"Masque nutrition Le Petit Marseillais - Intense - 370ml","p":4.9,"u":"13,24 €/L","img":"https://fd8-photos.leclercdrive.fr/image.ashx?id=2966439&use=l&cat=p&typeid=i","cat":284608},{"id":275381,"n":"Gel douche Dop Lait végétal Pyrénées - 480ml","p":1.99,"u":"4,15 €/L","img":"https://fd8-photos.leclercdrive.fr/image.ashx?id=2955348&use=l&cat=p&typeid=i","cat":284594},{"id":275382,"n":"Gel douche Dop Amande - 480ml","p":2.39,"u":"4,98 €/L","img":"https://fd8-photos.leclercdrive.fr/image.ashx?id=2955351&use=l&cat=p&typeid=i","cat":284594},{"id":275398,"n":"Saucisse Knacki Herta Sel réduit - x6 - 210g","p":2.85,"u":"13,57 €/KG","img":"https://fd8-photos.leclercdrive.fr/image.ashx?id=2948824&use=l&cat=p&typeid=i","cat":316012},{"id":275415,"n":"Gel douche enfance Dop Barbe à papa - 310ml","p":1.88,"u":"6,06 €/L","img":"https://fd8-photos.leclercdrive.fr/image.ashx?id=2955357&use=l&cat=p&typeid=i","cat":284594},{"id":275418,"n":"Gel douche enfance Dop Bonbons - 310ml","p":1.88,"u":"6,06 €/L","img":"https://fd8-photos.leclercdrive.fr/image.ashx?id=2955360&use=l&cat=p&typeid=i","cat":284594},{"id":275506,"n":"Lait Le Petit Marseillais Nutrition Amande Argan 250ml","p":4.19,"u":"16,76 €/L","img":"https://fd8-photos.leclercdrive.fr/image.ashx?id=2950330&use=l&cat=p&typeid=i","cat":325349},{"id":275508,"n":"Shampooing Le Petit Marseillais Blonde ensolleilé 300ml","p":2.55,"u":"8,50 €/L","img":"https://fd8-photos.leclercdrive.fr/image.ashx?id=2950336&use=l&cat=p&typeid=i","cat":284606},{"id":275601,"n":"Gel douche Dove Hydratant - 2x450ml","p":6.82,"u":"7,58 €/L","img":"https://fd8-photos.leclercdrive.fr/image.ashx?id=2949583&use=l&cat=p&typeid=i","cat":284594},{"id":275602,"n":"Gel douche Dove Advanced Care Nutrition intense - 2x225ml","p":6.37,"u":"14,16 €/L","img":"https://fd8-photos.leclercdrive.fr/image.ashx?id=2949586&use=l&cat=p&typeid=i","cat":284594},{"id":275604,"n":"Lingettes Demak'up Fraîcheur Peaux sensibles 3x25","p":7.6,"img":"https://fd8-photos.leclercdrive.fr/image.ashx?id=2949520&use=l&cat=p&typeid=i","cat":284603},{"id":275607,"n":"Gel douche Dove Fraîcheur - 2x450ml","p":6.15,"u":"6,83 €/L","img":"https://fd8-photos.leclercdrive.fr/image.ashx?id=2949580&use=l&cat=p&typeid=i","cat":284594},{"id":275613,"n":"Lait hydratant Noix de coco Bio 400ml","p":4.96,"u":"12,40 €/L","img":"https://fd8-photos.leclercdrive.fr/image.ashx?id=2950327&use=l&cat=p&typeid=i","cat":325349},{"id":275614,"n":"Lait apaisant hydratation Aloe vera Bio - 400ml","p":4.96,"u":"12,40 €/L","img":"https://fd8-photos.leclercdrive.fr/image.ashx?id=2949535&use=l&cat=p&typeid=i","cat":325349},{"id":275615,"n":"Gel douche Ushuaïa Minéraux marins - 280ml","p":2.29,"u":"8,18 €/L","img":"https://fd8-photos.leclercdrive.fr/image.ashx?id=3008791&use=l&cat=p&typeid=i","cat":284594},{"id":275616,"n":"Gel douche délassante Ushuaïa Huile essentielle d'Ylang 280ml","p":2.29,"u":"8,18 €/L","img":"https://fd8-photos.leclercdrive.fr/image.ashx?id=2949544&use=l&cat=p&typeid=i","cat":284594},{"id":275617,"n":"Gel douche Ushuaïa Orchidée - 280ml","p":2.05,"u":"7,32 €/L","img":"https://fd8-photos.leclercdrive.fr/image.ashx?id=2949541&use=l&cat=p&typeid=i","cat":284594},{"id":275618,"n":"Gel douche hydratant Ushuaïa Grenade - 280ml","p":2.29,"u":"8,18 €/L","img":"https://fd8-photos.leclercdrive.fr/image.ashx?id=2949550&use=l&cat=p&typeid=i","cat":284594},{"id":275619,"n":"Crème de douche Ushuaïa Lait de coco - 280ml","p":2.29,"u":"8,18 €/L","img":"https://fd8-photos.leclercdrive.fr/image.ashx?id=2949553&use=l&cat=p&typeid=i","cat":284594},{"id":275620,"n":"Gel douche tonifiant Ushuaïa Extrait de cèdre - 280ml","p":2.05,"u":"7,32 €/L","img":"https://fd8-photos.leclercdrive.fr/image.ashx?id=2949556&use=l&cat=p&typeid=i","cat":284594},{"id":275665,"n":"Fluide Garnier hyaluronique Anti-uv quotidien SPF50+ 40ml","p":7.82,"u":"195,50 €/L","img":"https://fd8-photos.leclercdrive.fr/image.ashx?id=2954256&use=l&cat=p&typeid=i","cat":325345},{"id":275675,"n":"Spray désinfectant Clair Multi-surfaces - 500ml","p":1.53,"u":"3,06 €/L","img":"https://fd8-photos.leclercdrive.fr/image.ashx?id=2949251&use=l&cat=p&typeid=i","cat":325357},{"id":275685,"n":"Shampooing Dessange Nutri-riche - 280ml","p":3.99,"u":"14,25 €/L","img":"https://fd8-photos.leclercdrive.fr/image.ashx?id=2955408&use=l&cat=p&typeid=i","cat":284606},{"id":276108,"n":"Boisson gazeuse Fanta citron 4x2L","p":9.57,"u":"1,20 €/L","img":"https://fd8-photos.leclercdrive.fr/image.ashx?id=2952004&use=l&cat=p&typeid=i","cat":284532},{"id":276126,"n":"Whisky Jack Daniel's Bonded 70cL","p":33.9,"u":"48,43 €/L","img":"https://fd8-photos.leclercdrive.fr/image.ashx?id=2952001&use=l&cat=p&typeid=i","cat":284547},{"id":276183,"n":"Calendrier de l'avent   Mon Cheri - 252g","p":13.84,"u":"54,92 €/KG","img":"https://fd8-photos.leclercdrive.fr/image.ashx?id=2952118&use=l&cat=p&typeid=i","cat":336112},{"id":276185,"n":"Ferrero Collection Calendrier 259g","p":15.99,"u":"61,74 €/KG","img":"https://fd8-photos.leclercdrive.fr/image.ashx?id=2952055&use=l&cat=p&typeid=i","cat":336112},{"id":276187,"n":"Ferrero Collection Assortiment Merveilles d'hiver - 203g","p":9.99,"u":"49,21 €/KG","img":"https://fd8-photos.leclercdrive.fr/image.ashx?id=2952061&use=l&cat=p&typeid=i","cat":327595},{"id":276194,"n":"Calendrier Kinder Memory  316g","p":15.99,"u":"50,60 €/KG","img":"https://fd8-photos.leclercdrive.fr/image.ashx?id=2952076&use=l&cat=p&typeid=i","cat":336112},{"id":276211,"n":"Kinder Schokobons  350g","p":6.19,"u":"17,69 €/KG","img":"https://fd8-photos.leclercdrive.fr/image.ashx?id=2952103&use=l&cat=p&typeid=i","cat":327592},{"id":276231,"n":"Mini Carambar  Team - 350g","p":3.49,"u":"9,97 €/KG","img":"https://fd8-photos.leclercdrive.fr/image.ashx?id=2951869&use=l&cat=p&typeid=i","cat":304250},{"id":276258,"n":"Jambon Le Bon Paris Herta Sel réduit sans nitrite 8T - 280g","p":5.15,"u":"18,39 €/KG","img":"https://fd8-photos.leclercdrive.fr/image.ashx?id=2951764&use=l&cat=p&typeid=i","cat":316009},{"id":276435,"n":"Papillotes Révillon Féériques Noir 70% et Lait - 300g","p":11.59,"u":"38,63 €/KG","img":"https://fd8-photos.leclercdrive.fr/image.ashx?id=2980689&use=l&cat=p&typeid=i","cat":327597},{"id":276436,"n":"Coffret chocolats Révillon Noir, Lait Blanc Alcool - 231g","p":11.59,"u":"50,17 €/KG","img":"https://fd8-photos.leclercdrive.fr/image.ashx?id=2980692&use=l&cat=p&typeid=i","cat":327595},{"id":276437,"n":"Coffret chocolats Révillon Noir 70% - 232g","p":11.59,"u":"49,96 €/KG","img":"https://fd8-photos.leclercdrive.fr/image.ashx?id=2980701&use=l&cat=p&typeid=i","cat":327595},{"id":276438,"n":"Coffret chocolats Révillon Lait - 230g","p":12.08,"u":"52,52 €/KG","img":"https://fd8-photos.leclercdrive.fr/image.ashx?id=2980695&use=l&cat=p&typeid=i","cat":284499},{"id":276439,"n":"Coffret chocolats Révillon Noir Lait Blanc - 233g","p":11.59,"u":"49,74 €/KG","img":"https://fd8-photos.leclercdrive.fr/image.ashx?id=2980698&use=l&cat=p&typeid=i","cat":284499},{"id":276451,"n":"Lanvin Escargots Ballotin  Lait caramel -164g","p":7.77,"u":"47,38 €/KG","img":"https://fd8-photos.leclercdrive.fr/image.ashx?id=2987011&use=l&cat=p&typeid=i","cat":327595},{"id":276463,"n":"Nestlé dessert truffes Lait - 250g","p":8.5,"u":"34,00 €/KG","img":"https://fd8-photos.leclercdrive.fr/image.ashx?id=2953046&use=l&cat=p&typeid=i","cat":327600},{"id":276550,"n":"Biscuit sésame GERBLE - 5x4 220g","p":2.08,"u":"9,45 €/KG","img":"https://fd8-photos.leclercdrive.fr/image.ashx?id=2953803&use=l&cat=p&typeid=i","cat":318651},{"id":276561,"n":"Petit pot de crème Délisse Chocolat saveur noisette 4x100g","p":2.09,"u":"5,23 €/KG","img":"https://fd8-photos.leclercdrive.fr/image.ashx?id=2952406&use=l&cat=p&typeid=i","cat":285041},{"id":276564,"n":"Mousse au chocolat coco Végé 100% végétal 4x55g","p":2.33,"u":"10,59 €/KG","img":"https://fd8-photos.leclercdrive.fr/image.ashx?id=2988942&use=l&cat=p&typeid=i","cat":316071},{"id":276565,"n":"Dessert de fruits pomme  Douceur du Verger 4x100g","p":0.99,"u":"2,48 €/KG","img":"https://fd8-photos.leclercdrive.fr/image.ashx?id=2961707&use=l&cat=p&typeid=i","cat":284416},{"id":276567,"n":"Dessert de fruits pomme Douceur du Verger 12x100g","p":2.46,"u":"2,05 €/KG","img":"https://fd8-photos.leclercdrive.fr/image.ashx?id=2970634&use=l&cat=p&typeid=i","cat":284416},{"id":276589,"n":"Saucisson sec Saint-Azay Noisettes 30 tranches 100g","p":2.07,"u":"20,70 €/KG","img":"https://fd8-photos.leclercdrive.fr/image.ashx?id=2952418&use=l&cat=p&typeid=i","cat":316007},{"id":277088,"n":"Lingettes épaisses Biolane H2O - x10","p":1.13,"img":"https://fd8-photos.leclercdrive.fr/image.ashx?id=2955333&use=l&cat=p&typeid=i","cat":284738},{"id":277153,"n":"Skyr végétal Protéiné Alpro Nature - 400g","p":2.89,"u":"7,23 €/KG","img":"https://fd8-photos.leclercdrive.fr/image.ashx?id=2976092&use=l&cat=p&typeid=i","cat":316071},{"id":277469,"n":"Céréales Special K Kellogg's  Fibre - 360g","p":2.6,"u":"7,22 €/KG","img":"https://fd8-photos.leclercdrive.fr/image.ashx?id=2963898&use=l&cat=p&typeid=i","cat":309512},{"id":277478,"n":"Liégeois Pâtissier Danette  Paris Brest 4x90g","p":2.49,"u":"6,92 €/KG","img":"https://fd8-photos.leclercdrive.fr/image.ashx?id=2965930&use=l&cat=p&typeid=i","cat":285042},{"id":277479,"n":"Liégeois Pâtissier Danette Framboisier 4x90g","p":1.89,"u":"5,25 €/KG","img":"https://fd8-photos.leclercdrive.fr/image.ashx?id=2965924&use=l&cat=p&typeid=i","cat":285042},{"id":277484,"n":"Danone Skyr fraise 4x100g","p":2.15,"u":"5,38 €/KG","img":"https://fd8-photos.leclercdrive.fr/image.ashx?id=2965903&use=l&cat=p&typeid=i","cat":315000},{"id":277493,"n":"Yaourt protéiné Hipro nature 480g","p":2.99,"u":"6,23 €/KG","img":"https://fd8-photos.leclercdrive.fr/image.ashx?id=2965945&use=l&cat=p&typeid=i","cat":284409},{"id":277495,"n":"Yaourt protéiné Hipro Vanille 4x120g","p":3.39,"u":"7,06 €/KG","img":"https://fd8-photos.leclercdrive.fr/image.ashx?id=2965948&use=l&cat=p&typeid=i","cat":315000},{"id":277496,"n":"Yaourt à boire protéiné Hipro Pêche passion - 300ml","p":2.84,"u":"9,47 €/KG","img":"https://fd8-photos.leclercdrive.fr/image.ashx?id=2966137&use=l&cat=p&typeid=i","cat":284415},{"id":277592,"n":"Shampooing Dessange Blond californien - 280ml","p":3.35,"u":"11,96 €/L","img":"https://fd8-photos.leclercdrive.fr/image.ashx?id=2957941&use=l&cat=p&typeid=i","cat":284606},{"id":277635,"n":"Crème de douche Dop Vanille - 480ml","p":2.39,"u":"4,98 €/L","img":"https://fd8-photos.leclercdrive.fr/image.ashx?id=2957893&use=l&cat=p&typeid=i","cat":284594},{"id":277638,"n":"Douche crème enfance Dop Fraises - 310ml","p":1.88,"u":"6,06 €/L","img":"https://fd8-photos.leclercdrive.fr/image.ashx?id=2957899&use=l&cat=p&typeid=i","cat":284594},{"id":277778,"n":"Lentilles Corail Sabarot 1kg","p":4.77,"u":"4,77 €/KG","img":"https://fd8-photos.leclercdrive.fr/image.ashx?id=2958083&use=l&cat=p&typeid=i","cat":284430},{"id":277834,"n":"Lessive Omo Absolu capsules Fleurs blanches - 371g","p":10.36,"u":"27,92 €/KG","img":"https://fd8-photos.leclercdrive.fr/image.ashx?id=2958212&use=l&cat=p&typeid=i","cat":284641},{"id":277847,"n":"Camembert Pops creamy Pickers Pickers by McCain - 230g","p":3.69,"u":"16,04 €/KG","img":"https://fd8-photos.leclercdrive.fr/image.ashx?id=2988731&use=l&cat=p&typeid=i","cat":319774},{"id":278263,"n":"Lessive liquide Genie Fleurs fraîches - 2.52L","p":14.76,"u":"5,86 €/L","img":"https://fd8-photos.leclercdrive.fr/image.ashx?id=2959964&use=l&cat=p&typeid=i","cat":284640},{"id":278267,"n":"Red Bull winter 2025 250ml","p":1.45,"u":"5,80 €/L","img":"https://fd8-photos.leclercdrive.fr/image.ashx?id=2960117&use=l&cat=p&typeid=i","cat":284533},{"id":278569,"n":"Échalions Panier du Primeur Filière - Filet 500g","p":1.79,"u":"3,58 €/KG","img":"https://fd8-photos.leclercdrive.fr/image.ashx?id=2960330&use=l&cat=p&typeid=i","cat":284352},{"id":278571,"n":"Lessive liquide Le Chat  Sensitive x38 - 1,71L","p":10.49,"u":"6,13 €/L","img":"https://fd8-photos.leclercdrive.fr/image.ashx?id=2962293&use=l&cat=p&typeid=i","cat":284640},{"id":278573,"n":"Gel douche Ushuaïa Grenade - 490ml","p":4.29,"u":"8,76 €/L","img":"https://fd8-photos.leclercdrive.fr/image.ashx?id=3011566&use=l&cat=p&typeid=i","cat":284594},{"id":278575,"n":"Gel douche Ushuaïa Ylang - Relaxe - 490ml","p":2.95,"u":"6,02 €/L","img":"https://fd8-photos.leclercdrive.fr/image.ashx?id=3011560&use=l&cat=p&typeid=i","cat":284594},{"id":278576,"n":"Gel douche Ushuaïa Orchidée - 490ml","p":4.29,"u":"8,76 €/L","img":"https://fd8-photos.leclercdrive.fr/image.ashx?id=3011557&use=l&cat=p&typeid=i","cat":284594},{"id":278577,"n":"Crème douche Ushuaïa Coco - 490ml","p":2.99,"u":"6,10 €/L","img":"https://fd8-photos.leclercdrive.fr/image.ashx?id=3011572&use=l&cat=p&typeid=i","cat":284594},{"id":278578,"n":"Gel douche Ushuaïa Minéraux marins - 490ml","p":2.95,"u":"6,02 €/L","img":"https://fd8-photos.leclercdrive.fr/image.ashx?id=3011563&use=l&cat=p&typeid=i","cat":284594},{"id":278579,"n":"Gel douche Ushuaïa Eucalyptus - 280ml","p":1.73,"u":"6,18 €/L","img":"https://fd8-photos.leclercdrive.fr/image.ashx?id=2974408&use=l&cat=p&typeid=i","cat":284594},{"id":278581,"n":"Gel douche tonifiant Ushuaïa Cèdre - 490ml","p":3.02,"u":"6,16 €/L","img":"https://fd8-photos.leclercdrive.fr/image.ashx?id=3011569&use=l&cat=p&typeid=i","cat":284594},{"id":278584,"n":"Gel douche Ecopack Ushuaïa Ylang - Relaxe - 500ml","p":2.74,"u":"5,48 €/L","img":"https://fd8-photos.leclercdrive.fr/image.ashx?id=3011575&use=l&cat=p&typeid=i","cat":284594},{"id":278725,"n":"Saucisses knacki Herta Sel réduit x4 - 140g","p":1.31,"u":"9,36 €/KG","img":"https://fd8-photos.leclercdrive.fr/image.ashx?id=2965016&use=l&cat=p&typeid=i","cat":316012},{"id":278729,"n":"Croque-Monsieur Herta Maxi Mozzarella x2 - 310g","p":2.59,"u":"8,35 €/KG","img":"https://fd8-photos.leclercdrive.fr/image.ashx?id=2965013&use=l&cat=p&typeid=i","cat":333671},{"id":278905,"n":"Tablette chocolat Poulain noir doux - 4x95g","p":5.27,"u":"13,87 €/KG","img":"https://fd8-photos.leclercdrive.fr/image.ashx?id=2975347&use=l&cat=p&typeid=i","cat":284497},{"id":278910,"n":"Boisson Crazy Tiger Cerise - 35cl","p":0.89,"u":"2,54 €/L","img":"https://fd8-photos.leclercdrive.fr/image.ashx?id=2967262&use=l&cat=p&typeid=i","cat":284533},{"id":278912,"n":"Boisson Crazy Tiger Pomme - 35cl","p":0.89,"u":"2,54 €/L","img":"https://fd8-photos.leclercdrive.fr/image.ashx?id=3011524&use=l&cat=p&typeid=i","cat":284533},{"id":279003,"n":"Apéri'chaud Richesmonts 140g","p":2.07,"u":"14,79 €/KG","img":"https://fd8-photos.leclercdrive.fr/image.ashx?id=2990484&use=l&cat=p&typeid=i","cat":314027},{"id":279027,"n":"Cheddar râpé British Heritage Extra mature 12 mois - 150g","p":3.21,"u":"21,40 €/KG","img":"https://fd8-photos.leclercdrive.fr/image.ashx?id=2968418&use=l&cat=p&typeid=i","cat":314035},{"id":279028,"n":"Sauce fromagère Saint-Agur 150g","p":2.19,"u":"14,60 €/KG","img":"https://fd8-photos.leclercdrive.fr/image.ashx?id=2968556&use=l&cat=p&typeid=i","cat":284382},{"id":279032,"n":"Gel douche Ushuaia Gingembre - 280ml","p":2.02,"u":"7,21 €/L","img":"https://fd8-photos.leclercdrive.fr/image.ashx?id=2968337&use=l&cat=p&typeid=i","cat":284594},{"id":279035,"n":"Savon de Marseille Le Chat 1,7L","p":9.39,"u":"5,52 €/L","img":"https://fd8-photos.leclercdrive.fr/image.ashx?id=2966569&use=l&cat=p&typeid=i","cat":284640},{"id":279037,"n":"Gel douche Ushuaïa Café vert - 280ml","p":2.01,"u":"7,18 €/L","img":"https://fd8-photos.leclercdrive.fr/image.ashx?id=2966584&use=l&cat=p&typeid=i","cat":284594},{"id":279201,"n":"Nouilles japonaises Nissin Hot Chili piment, Sésame - 66g","p":2.39,"u":"36,21 €/KG","img":"https://fd8-photos.leclercdrive.fr/image.ashx?id=2966779&use=l&cat=p&typeid=i","cat":288992},{"id":279202,"n":"Nouilles japonaises Nissin Hot Spicy Curry - 67g","p":2.03,"u":"30,30 €/KG","img":"https://fd8-photos.leclercdrive.fr/image.ashx?id=2966782&use=l&cat=p&typeid=i","cat":325094},{"id":279257,"n":"Macaroni tomate mozza Panzani - 400g","p":1.84,"u":"4,60 €/KG","img":"https://fd8-photos.leclercdrive.fr/image.ashx?id=2968211&use=l&cat=p&typeid=i","cat":284442},{"id":279403,"n":"Macaroni cheese Panzani - 400g","p":1.84,"u":"4,60 €/KG","img":"https://fd8-photos.leclercdrive.fr/image.ashx?id=2967762&use=l&cat=p&typeid=i","cat":284442},{"id":279412,"n":"Spaghetti carbonara Panzani - 400g","p":1.84,"u":"4,60 €/KG","img":"https://fd8-photos.leclercdrive.fr/image.ashx?id=2967759&use=l&cat=p&typeid=i","cat":284442},{"id":279597,"n":"Rouleau papier cadeau Esquisse Happy birthday Rose - 2mx0,7m","p":0.55,"img":"https://fd8-photos.leclercdrive.fr/image.ashx?id=2968643&use=l&cat=p&typeid=i","cat":335914},{"id":279599,"n":"Rouleau papier cadeau Esquisse Carreaux violet fuschia 2mx0,7m","p":0.55,"img":"https://fd8-photos.leclercdrive.fr/image.ashx?id=2968646&use=l&cat=p&typeid=i","cat":335914},{"id":279671,"n":"Schweppes Tonic citron 1L","p":1.59,"u":"1,59 €/L","img":"https://fd8-photos.leclercdrive.fr/image.ashx?id=2969049&use=l&cat=p&typeid=i","cat":284531},{"id":279680,"n":"Spaghetti carbonara Panzani 800g","p":3.11,"u":"3,89 €/KG","img":"https://fd8-photos.leclercdrive.fr/image.ashx?id=2970957&use=l&cat=p&typeid=i","cat":284442},{"id":279682,"n":"Macaroni tomate Panzani 800g","p":3.11,"u":"3,89 €/KG","img":"https://fd8-photos.leclercdrive.fr/image.ashx?id=2970960&use=l&cat=p&typeid=i","cat":284442},{"id":279691,"n":"Skyr végétal Protéiné Alpro Fraise - 400g","p":2.2,"u":"5,50 €/KG","img":"https://fd8-photos.leclercdrive.fr/image.ashx?id=2976089&use=l&cat=p&typeid=i","cat":313736},{"id":279895,"n":"Nouilles japonaises Nissin Roasted - 65g","p":1.86,"u":"28,62 €/KG","img":"https://fd8-photos.leclercdrive.fr/image.ashx?id=2971353&use=l&cat=p&typeid=i","cat":287600},{"id":280019,"n":"Œuf Kinder Joy Mario - 3x20g","p":3.27,"u":"54,50 €/KG","img":"https://fd8-photos.leclercdrive.fr/image.ashx?id=2970753&use=l&cat=p&typeid=i","cat":284958},{"id":280144,"n":"Barres Kitkat white x8 - 332g","p":3.91,"u":"11,78 €/KG","img":"https://fd8-photos.leclercdrive.fr/image.ashx?id=2993457&use=l&cat=p&typeid=i","cat":284498},{"id":280152,"n":"Assouplissant Cajoline XXL Passion - 1.84L","p":7.17,"u":"3,90 €/L","img":"https://fd8-photos.leclercdrive.fr/image.ashx?id=2972077&use=l&cat=p&typeid=i","cat":284650},{"id":280153,"n":"Assouplissant Cajoline XXL Fleur de tiaré - 1.84L","p":7.26,"u":"3,95 €/L","img":"https://fd8-photos.leclercdrive.fr/image.ashx?id=2972080&use=l&cat=p&typeid=i","cat":284650},{"id":280154,"n":"Assouplissant Cajoline XXL Doux et Pur - 1.84L","p":7.33,"u":"3,98 €/L","img":"https://fd8-photos.leclercdrive.fr/image.ashx?id=2972083&use=l&cat=p&typeid=i","cat":284650},{"id":280268,"n":"Cassolette de carotte Baby Bio 260g","p":2.0,"u":"7,69 €/KG","img":"https://fd8-photos.leclercdrive.fr/image.ashx?id=2973051&use=l&cat=p&typeid=i","cat":312239},{"id":280270,"n":"Dessert lacté Vanille Blédina dès 6 mois Mini Lactés - 6x55g","p":1.49,"u":"27,09 €/KG","img":"https://fd8-photos.leclercdrive.fr/image.ashx?id=2972862&use=l&cat=p&typeid=i","cat":312392},{"id":280276,"n":"Dessert lacté Fruits Blédina dès 6 mois Mini Lactés - 12x55g","p":3.14,"u":"4,76 €/KG","img":"https://fd8-photos.leclercdrive.fr/image.ashx?id=2972865&use=l&cat=p&typeid=i","cat":312392},{"id":280418,"n":"Dessert lacté Nature Blédina dès 6 mois - 4x95g","p":1.28,"u":"3,37 €/KG","img":"https://fd8-photos.leclercdrive.fr/image.ashx?id=2972868&use=l&cat=p&typeid=i","cat":312392},{"id":280419,"n":"Dessert lacté Fraise Blédina dès 6 mois - 4x95g","p":1.38,"u":"3,63 €/KG","img":"https://fd8-photos.leclercdrive.fr/image.ashx?id=2972871&use=l&cat=p&typeid=i","cat":312392},{"id":280425,"n":"Dessert lacté Blédina Mangue Pêche dès 6 mois - 4x95g","p":1.39,"u":"3,66 €/KG","img":"https://fd8-photos.leclercdrive.fr/image.ashx?id=2972877&use=l&cat=p&typeid=i","cat":312392},{"id":280460,"n":"Kit Old El Paso Street Vibes 257g","p":3.96,"u":"15,41 €/KG","img":"https://fd8-photos.leclercdrive.fr/image.ashx?id=2974048&use=l&cat=p&typeid=i","cat":288993},{"id":280480,"n":"Tortilla Old El Paso Nachips BBQ - 185g","p":2.03,"u":"10,97 €/KG","img":"https://fd8-photos.leclercdrive.fr/image.ashx?id=2974051&use=l&cat=p&typeid=i","cat":288993},{"id":280483,"n":"Gnocchi à poêler Lustucru Extra chorizo 280g","p":2.49,"u":"8,89 €/KG","img":"https://fd8-photos.leclercdrive.fr/image.ashx?id=2973646&use=l&cat=p&typeid=i","cat":333682},{"id":280487,"n":"Gnocchi à poêler Lustucru star 500g","p":2.99,"u":"5,98 €/KG","img":"https://fd8-photos.leclercdrive.fr/image.ashx?id=2973637&use=l&cat=p&typeid=i","cat":333682},{"id":280488,"n":"Girasoli Lustucru  Extra raclette 250g","p":2.89,"u":"11,56 €/KG","img":"https://fd8-photos.leclercdrive.fr/image.ashx?id=2973640&use=l&cat=p&typeid=i","cat":333682},{"id":280674,"n":"Dessert Nestlé Lait eclats d'amandes - 170g","p":3.31,"u":"19,47 €/KG","img":"https://fd8-photos.leclercdrive.fr/image.ashx?id=2974453&use=l&cat=p&typeid=i","cat":284497},{"id":280676,"n":"Gourde Babybio Pomme fraise vanille - 360g","p":2.89,"u":"8,03 €/KG","img":"https://fd8-photos.leclercdrive.fr/image.ashx?id=2974375&use=l&cat=p&typeid=i","cat":312393},{"id":280691,"n":"Semoule P'tit Gourmand Lait au biscuit - 4x100g","p":1.6,"u":"4,00 €/KG","img":"https://fd8-photos.leclercdrive.fr/image.ashx?id=2978188&use=l&cat=p&typeid=i","cat":312392},{"id":280778,"n":"Ketchup tomato Heinz cornichon - 250g","p":1.55,"u":"6,20 €/KG","img":"https://fd8-photos.leclercdrive.fr/image.ashx?id=2976176&use=l&cat=p&typeid=i","cat":284455},{"id":280782,"n":"Sauce sweet chili Heinz 260g","p":2.36,"u":"9,08 €/KG","img":"https://fd8-photos.leclercdrive.fr/image.ashx?id=2976101&use=l&cat=p&typeid=i","cat":318431},{"id":280783,"n":"Sauce korean barbecue Heinz 265g","p":1.65,"u":"6,23 €/KG","img":"https://fd8-photos.leclercdrive.fr/image.ashx?id=2976137&use=l&cat=p&typeid=i","cat":318431},{"id":280784,"n":"Mayonnaise  Heinz Srirachamix - 400g","p":3.64,"u":"9,10 €/KG","img":"https://fd8-photos.leclercdrive.fr/image.ashx?id=2976140&use=l&cat=p&typeid=i","cat":318431},{"id":280786,"n":"Poulet curry Tables du Monde 300g","p":2.69,"u":"8,97 €/KG","img":"https://fd8-photos.leclercdrive.fr/image.ashx?id=2974282&use=l&cat=p&typeid=i","cat":284254},{"id":280924,"n":"Dentifrice Signal White Now 3en1 White boost charbon 2x75ml","p":8.62,"u":"57,47 €/L","img":"https://fd8-photos.leclercdrive.fr/image.ashx?id=2975677&use=l&cat=p&typeid=i","cat":284612},{"id":280925,"n":"Dentifrice Signal White Now 3en1 - Incontournable 2x75ml","p":8.86,"u":"59,07 €/L","img":"https://fd8-photos.leclercdrive.fr/image.ashx?id=2975680&use=l&cat=p&typeid=i","cat":284612},{"id":280930,"n":"Piles Alcalines Duracell Plus AA LR6 - 1.5V MN1500 x12","p":7.9,"img":"https://fd8-photos.leclercdrive.fr/image.ashx?id=2975668&use=l&cat=p&typeid=i","cat":300572},{"id":280931,"n":"Piles Alcalines Duracell Plus AAA LR03 - 1.5V MN240 x12","p":7.9,"img":"https://fd8-photos.leclercdrive.fr/image.ashx?id=2975671&use=l&cat=p&typeid=i","cat":300572},{"id":280992,"n":"Sandwich Baguette Méga Viennois Thon oeuf sauce andalouse  270g","p":2.49,"u":"9,22 €/KG","img":"https://fd8-photos.leclercdrive.fr/image.ashx?id=2975885&use=l&cat=p&typeid=i","cat":333658},{"id":281037,"n":"Skyr Alpro Exotic- 400g","p":3.21,"u":"8,03 €/KG","img":"https://fd8-photos.leclercdrive.fr/image.ashx?id=2976098&use=l&cat=p&typeid=i","cat":316071},{"id":281412,"n":"Pep's recette Manhattan Burger Box - 380g","p":5.99,"u":"15,76 €/KG","img":"https://fd8-photos.leclercdrive.fr/image.ashx?id=2979397&use=l&cat=p&typeid=i","cat":333685},{"id":281420,"n":"Pep's recette Mexico Tacos Box 380g","p":5.99,"u":"15,76 €/KG","img":"https://fd8-photos.leclercdrive.fr/image.ashx?id=2979400&use=l&cat=p&typeid=i","cat":333685},{"id":281522,"n":"Boisson végétale Alpro Barista Coco 750ml","p":1.97,"u":"2,63 €/L","img":"https://fd8-photos.leclercdrive.fr/image.ashx?id=2979430&use=l&cat=p&typeid=i","cat":316067},{"id":281524,"n":"Boisson végétale Alpro Avoine 500ml","p":0.99,"u":"1,98 €/L","img":"https://fd8-photos.leclercdrive.fr/image.ashx?id=2986855&use=l&cat=p&typeid=i","cat":316067},{"id":281671,"n":"Viande bébé Bio Yooji Poulet - Dès 4/6 mois - 80g","p":3.19,"u":"39,88 €/KG","img":"https://fd8-photos.leclercdrive.fr/image.ashx?id=2980182&use=l&cat=p&typeid=i","cat":312234},{"id":282014,"n":"Chocolat Kinder Mix - 102g","p":3.59,"u":"35,20 €/KG","img":"https://fd8-photos.leclercdrive.fr/image.ashx?id=2981370&use=l&cat=p&typeid=i","cat":327592},{"id":283524,"n":"Poivrons tricolores Panier du Primeur x3","p":2.49,"u":"0,83 €/P","img":"https://fd8-photos.leclercdrive.fr/image.ashx?id=2987653&use=l&cat=p&typeid=i","cat":284352},{"id":283525,"n":"Oranges Eco+ 1.5kg","p":1.99,"u":"1,33 €/KG","img":"https://fd8-photos.leclercdrive.fr/image.ashx?id=2987650&use=l&cat=p&typeid=i","cat":284356},{"id":284010,"n":"Nestlé I Love Kefir Yaourt Nature - 2x150g","p":2.19,"u":"7,30 €/KG","img":"https://fd8-photos.leclercdrive.fr/image.ashx?id=2991834&use=l&cat=p&typeid=i","cat":284409},{"id":286365,"n":"Cocktail créoles Madrange 340g","p":4.19,"u":"12,32 €/KG","img":"https://fd8-photos.leclercdrive.fr/image.ashx?id=2999967&use=l&cat=p&typeid=i","cat":316012},{"id":286367,"n":"Bâtonnets saucisson au Comté Salaison Ogier 100g","p":3.86,"u":"38,60 €/KG","img":"https://fd8-photos.leclercdrive.fr/image.ashx?id=3002087&use=l&cat=p&typeid=i","cat":316006},{"id":286871,"n":"Soda Coca-Cola 4x1.75L","p":7.1,"u":"1,01 €/L","img":"https://fd8-photos.leclercdrive.fr/image.ashx?id=3014865&use=l&cat=p&typeid=i","cat":284530},{"id":286896,"n":"Bâtonnet apéro snack nature Salaison Ogier 100g","p":3.62,"u":"36,20 €/KG","img":"https://fd8-photos.leclercdrive.fr/image.ashx?id=3006196&use=l&cat=p&typeid=i","cat":316006},{"id":287482,"n":"Soda Coca-Cola Zéro 4x1,75L","p":5.1,"u":"0,73 €/L","img":"https://fd8-photos.leclercdrive.fr/image.ashx?id=3009668&use=l&cat=p&typeid=i","cat":284530},{"id":287740,"n":"foie gras de canard entier Sud-ouest Delpeyrat 180g","p":32.9,"u":"182,78 €/KG","img":"https://fd8-photos.leclercdrive.fr/image.ashx?id=3008065&use=l&cat=p&typeid=i","cat":316008},{"id":287806,"n":"Boudin blanc Bahier Nature 3x125g","p":3.91,"u":"10,43 €/KG","img":"https://fd8-photos.leclercdrive.fr/image.ashx?id=3008197&use=l&cat=p&typeid=i","cat":316012}]}